2808 4412
1480 335 1547 345 ..-
1581 289 1649 362 32
1682 335 1747 345 .-

602 465 843 539 legenda
905 467 1058 538 apte,
1118 461 1466 518 existimavit
1531 461 1765 518 tandem
1823 479 2022 518 omnes
2079 461 2459 536 ephemeridis
2515 483 2634 521 suae

599 597 1020 670 conscriptores
1073 594 1285 668 injuste
1334 592 1667 650 durioribus
1724 594 2020 650 sententiis
2084 597 2254 668 atque
2314 595 2634 652 acrioribus

598 729 750 786 notis
812 732 1040 803 poetam
1105 731 1287 799 Huyo
1348 725 1659 795 lacessere;
1742 727 1822 783 ita
1900 731 1964 784 ut
2023 728 2083 783 in
2148 727 2339 784 animo
2404 728 2638 785 haberet

596 864 785 937 ipsum
834 861 987 917 illius
1039 883 1065 914 «
1117 861 1411 916 infamiam
1461 860 1648 917 levare
1689 879 1712 915 »
1772 860 1871 948 (1)ξ
1904 861 2125 934 judicio
2153 862 2336 937 magis
2384 863 2635 937 benigno

601 995 669 1050 de
726 994 1078 1050 carminibus
1142 994 1491 1064 recentibuS,
1537 995 1686 1050 Odes
1748 999 1807 1050 et
1867 995 2177 1066 Banades,
2208 995 2455 1070 prolate.
2498 996 2639 1053 Sex-

600 1127 779 1183 centis
830 1130 1019 1182 autem
1078 1127 1250 1197 curiS,
1300 1126 1618 1200 praesertim
1667 1127 2049 1201 ephemeridis
2084 1127 2351 1202 regendae
2416 1128 2631 1204 labore,

601 1260 912 1334 impeditus
991 1278 1061 1315 ne
1138 1259 1421 1316 destinata
1468 1264 1892 1334 exsequeretur,
1977 1260 2080 1317 has
2136 1264 2327 1336 partes
2387 1262 2634 1318 Sainte-

598 1394 803 1450 Beuve
870 1395 1066 1448 nostro
1131 1392 1433 1467 delegavit.
1510 1393 1680 1449 Hunc
1766 1392 2041 1449 nimirum
2122 1395 2361 1469 putabat
2435 1395 2638 1451 insitas

600 1527 778 1583 menti
850 1526 1152 1601 opiniones
1230 1526 1456 1582 facilius
1528 1526 1926 1601 depositurum
1975 1546 2096 1583 esse
2176 1547 2348 1602 quam
2421 1531 2639 1586 ceteros

603 1664 739 1716 natu
824 1659 1071 1733 majores
1146 1678 1158 1728 3
1214 1660 1448 1734 insuper
1513 1678 1630 1715 non
1718 1659 2017 1717 dubitabat
2073 1661 2213 1735 quin
2296 1661 2636 1737 discipuIUS,

604 1793 859 1849 consiliis
901 1793 1052 1850 illius
1117 1812 1230 1868 quo
1293 1793 1568 1868 magistro
1629 1812 1770 1849 usus
1841 1797 1990 1850 esset
2045 1795 2228 1869 magis
2309 1795 2642 1852 obedienter

601 1927 870 2000 acceptiS,
930 1926 999 1982 de
1066 1926 1428 2002 poematibus
1471 1926 1756 2000 judicium
1826 1926 2176 1983 benevolum
2248 1928 2419 1985 ferret
2483 1929 2639 2003 quod

605 2061 986 2138 ephemeridis
1049 2064 1238 2117 rector
1293 2061 1544 2134 optabat.
1616 2059 1805 2127 Quare
1863 2060 2120 2116 carmina
2174 2061 2377 2135 juveni
2434 2063 2640 2137 permi-

604 2197 695 2267 sit,
755 2200 811 2252 et
859 2195 1125 2252 invitavit
1170 2213 1301 2251 eum
1349 2197 1414 2250 ut
1462 2211 1607 2268 opus
1660 2193 1873 2268 legeret
1935 2197 1990 2249 et
2054 2213 2252 2251 secum
2319 2196 2640 2253 communi-

600 2334 754 2387 caret
828 2329 1103 2404 quidquid
1168 2328 1236 2384 de
1291 2346 1357 2384 eo
1401 2328 1656 2397 sentiret,
1707 2330 1771 2384 ut
1834 2327 1984 2383 inter
2054 2328 2210 2403 ipsos
2282 2330 2636 2387 conveniret.

609 2465 754 2521 Cum
809 2464 984 2539 igitur
1051 2482 1153 2538 per
1213 2481 1273 2519 se
1331 2462 1523 2537 ipsum
1592 2461 2048 2519 Sainte-Beuve
2114 2461 2238 2537 jam
2299 2463 2491 2520 animo
2562 2465 2643 2520 ita

607 2598 959 2673 compositus
1016 2600 1166 2653 esset
1219 2599 1283 2652 ut
1327 2595 1648 2652 carminum
1689 2596 1893 2652 merita
1932 2596 2250 2671 perciperet
2290 2600 2458 2672 atque
2504 2617 2641 2673 pro-

606 2732 786 2802 baret,
844 2730 1026 2787 multo
1081 2729 1263 2804 magis
1320 2729 1491 2785 etiam
1539 2729 1793 2803 percepit
1841 2731 1895 2785 et
1934 2729 2253 2804 praesertim
2331 2749 2506 2788 ausus
2555 2734 2643 2787 est

598 2865 864 2921 laudibus
921 2863 1209 2920 extollere.
1287 2863 1600 2936 Postquam
1649 2861 1762 2918 duo
1819 2862 2004 2936 capita
2067 2863 2418 2937 ephemeridi
2487 2863 2641 2921 inse-

598 3002 811 3069 ruerat,
879 2998 1080 3054 diebus
1153 2997 1330 3054 altero
1386 2999 1440 3053 et
1488 3014 1642 3052 nono
1704 2995 1917 3051 mensis
1973 2996 2252 3066 Januarii‚
2319 2998 2641 3073 ephemeris

595 3131 718 3206 ipsa
783 3133 897 3205 (res
966 3130 1199 3205 quidem
1278 3129 1445 3186 valde
1518 3128 1839 3204 inopinata)
1910 3129 2125 3187 scholae
2190 3131 2641 3189 romanticorum

598 3264 730 3321 duci
778 3283 944 3339 opem
1015 3269 1183 3339 atque
1241 3262 1563 3320 subsidium
1612 3262 1758 3319 ferre
1802 3262 1928 3319 visa
1973 3268 2078 3321 est.

677 3397 845 3454 Haud
909 3399 1209 3472 ignoratur
1262 3397 1475 3453 abhinc
1517 3395 1702 3471 magis
1755 3414 1822 3451 ac
1888 3398 2071 3474 magis
2131 3399 2334 3456 intima
2397 3399 2640 3456 familia-

703 3768 755 3818 (ί)
784 3767 877 3808 Vide
908 3767 1015 3818 Lun,
1048 3767 1104 3806 Un
1128 3765 1261 3807 maitre
1290 3766 1333 3806 de
1367 3765 1657 3807 Sainte-Beuve.
1698 3765 2020 3817 (Correspondant‚
2041 3763 2109 3807 25
2145 3775 2229 3817 apr.
2257 3763 2373 3812 1900,
2418 3776 2462 3817 p.
2491 3763 2635 3816 320):

602 3853 622 3879 (ι
649 3840 783 3882 J'avais
795 3843 912 3891 forme
938 3842 970 3882 le
989 3841 1130 3882 dessein
1146 3842 1189 3881 de
1204 3842 1300 3891 faire
1324 3838 1550 3881 moi-meme
1575 3840 1734 3881 l'arlicle
1750 3840 1794 3880 de
1817 3838 2122 3881 rehabilitation.
2150 3853 2174 3879 »
