2762 4316
1371 303 1438 313 ...
1471 232 1538 328 56
1569 302 1636 314 .-

486 435 654 489 Nunc
709 436 899 489 autem
960 430 1083 486 haec
1131 428 1288 484 addit
1341 428 1516 484 verba
1571 429 1701 502 (nec
1757 386 2103 503 quemquam
2165 430 2347 505 fugiet
2407 450 2520 505 qua

486 564 693 638 mente)
732 583 743 619 :

573 770 655 816 On
694 775 774 815 est
796 768 978 828 frappe
997 773 1139 814 entre
1164 774 1341 814 autres
1368 768 1595 826 meriteS,
1635 768 1700 814 de
1723 768 1777 815 la
1803 768 1932 815 libre
1947 769 2120 815 allare
2143 762 2195 816 et
2215 783 2279 817 en
2296 771 2520 832 quelque

481 880 620 919 sorte
641 873 707 918 de
731 873 782 918 la
806 870 1006 918 fluidite
1032 877 1276 917 courante
1311 872 1377 917 de
1400 871 1454 918 13
1484 872 1676 932 phrase
1706 873 1967 933 poetique,
1996 873 2087 932 qui
2129 887 2186 920 se
2210 873 2424 921 deroule
2466 881 2520 922 et

482 982 722 1035 serpente
747 989 871 1021 sans
892 975 1040 1022 effort
1064 977 1096 1020 a
1120 981 1324 1022 travers
1348 974 1426 1021 les
1449 975 1729 1021 sinuosites
1750 975 1816 1022 de
1834 976 1887 1023 13
1910 977 2040 1023 rime
2064 976 2160 1037 (1).

483 1175 737 1248 Denique
763 1174 1121 1248 poematibus
1170 1174 1354 1231 allatis
1387 1175 1624 1250 longum
1667 1194 1992 1234 sermonem
2031 1177 2366 1252 interponit,
2405 1195 2520 1252 quo

482 1308 736 1366 studiose
769 1307 1022 1364 defendit
1076 1311 1131 1364 et
1177 1308 1426 1365 celebrat
1479 1310 1933 1366 romanticorum
1981 1310 2052 1367 de
2094 1311 2291 1367 metris
2318 1329 2520 1368 nume-

481 1445 673 1518 risque
719 1445 1007 1518 praecepta
1039 1460 1050 1497 :

561 1652 704 1697 Dans
730 1650 988 1711 plusieurs
1015 1650 1208 1710 epitres
1233 1650 1300 1697 de
1324 1650 1395 1696 du
1416 1650 1609 1710 Bellay‚
1637 1650 1771 1697 dans
1792 1651 1821 1696 l'
1841 1666 1870 1696 «
1888 1651 2093 1711 Hymne
2127 1652 2159 1697 a
2182 1652 2236 1698 13
2269 1651 2468 1700 surdite
2489 1667 2518 1699 »

474 1754 526 1794 et
550 1749 597 1794 le
621 1766 640 1790 «
665 1748 822 1794 Poete
849 1747 1115 1793 courtisan
1141 1763 1183 1803 »,
1209 1746 1552 1794 l’alexandrin
1577 1753 1656 1794 est
1673 1748 1845 1794 11131116
1871 1761 1999 1795 avec
2022 1748 2075 1794 la
2099 1748 2304 1809 gravite
2332 1755 2384 1796 et
2407 1762 2522 1796 sar·

477 1857 585 1898 tout
610 1851 849 1898 l’aisance
874 1851 997 1911 qu’il
1035 1851 1179 1897 avait
1205 1850 1398 1897 durant
1441 1865 1527 1898 665
1566 1852 1818 1911 premiers
1861 1859 2032 1912 temps
2080 1852 2147 1899 de
2191 1852 2518 1901 renovation.

475 1956 741 2003 Malherbe
761 1969 826 2002 ne
847 1956 919 2002 lui
944 1955 1090 2002 avait
1103 1969 1199 2016 pas
1224 1969 1410 2002 encore
1451 1956 1646 2016 impose'
1680 1970 1878 2003 comme
1910 1957 1981 2002 loi
2016 1956 2082 2003 de
2119 1970 2182 2003 sa
2223 1957 2435 2005 marche
2471 1958 2519 2005 le

475 2061 662 2107 double
682 2073 837 2120 repos
857 2059 1150 2106 invariable
1167 2058 1238 2105 du
1256 2059 1432 2106 milieu
1452 2066 1504 2106 et
1526 2059 1593 2106 de
1616 2059 1668 2106 la
1691 2060 1763 2105 fin
1798 2060 1869 2106 du
1888 2073 2026 2107 vers,
2052 2059 2107 2106 Si
2123 2059 2171 2106 le
2188 2067 2520 2108 mouvement

475 2163 540 2211 de
563 2165 616 2210 la
639 2164 831 2223 pensee
855 2162 984 2209 etait
1004 2163 1121 2222 plus
1148 2162 1268 2219 fort,
1295 2162 1345 2208 la
1361 2155 1541 2209 ce'sare
1566 2162 1853 2209 obe'issante
1874 2168 1924 2208 et
1945 2162 2132 2209 mobile
2156 2176 2211 2209 se
2236 2162 2518 2223 deplaeait;

474 2275 544 2324 et,
579 2268 699 2314 bien
734 2266 919 2327 qu'elle
956 2280 1022 2312 ne
1053 2266 1295 2326 disparat
1327 2266 1522 2327 jamais
1570 2267 1968 2326 completement
1999 2267 2155 2326 apres
2200 2266 2249 2313 le
2292 2267 2518 2327 premier

474 2371 796 2428 hemistiche,
819 2371 916 2417 elle
939 2384 1004 2417 ne
1024 2370 1205 2416 faisait
1225 2384 1290 2417 en
1311 2383 1369 2416 66
1385 2384 1476 2417 635
1507 2370 1626 2431 qu’y
1660 2370 1848 2431 glisser
1880 2384 1944 2417 611
1985 2377 2217 2429 courant,
2255 2386 2291 2431 y
2325 2371 2518 2419 laisser

474 2491 543 2522 un
566 2476 767 2535 vestige
788 2475 1124 2522 d'clle-meme
1150 2481 1201 2521 et
1227 2474 1334 2521 s’en
1358 2475 1506 2521 allait
1528 2475 1733 2521 tomber
1757 2481 1808 2522 et
1838 2488 1992 2535 peser
2017 2475 2246 2533 ailleurS,
2276 2475 2421 2523 selon
2443 2476 2518 2524 les

475 2579 752 2640 inflexions
774 2578 844 2624 da
867 2592 986 2625 sens
1011 2584 1062 2624 et
1080 2578 1150 2624 da
1173 2579 1466 2625 sentiment.
1493 2578 1570 2625 La
1600 2579 1729 2625 rime
1767 2579 1931 2636 aussi,
1982 2593 2050 2625 au
2094 2579 2198 2626 lieu
2240 2579 2402 2627 d'etre
2445 2595 2517 2627 un

476 2682 645 2742 signal
670 2682 863 2728 d’arret
887 2688 939 2728 et
963 2681 1028 2728 de
1051 2695 1240 2728 sonner
1270 2681 1323 2727 13
1342 2681 1501 2739 halte,
1526 2681 1837 2728 intervenait
1873 2688 2094 2727 souvent
2129 2681 2263 2728 dans
2288 2682 2336 2728 le
2358 2696 2512 2729 cours

475 2786 595 2831 d’un
622 2799 741 2831 sens
764 2787 796 2830 a
812 2786 963 2845 peine
990 2787 1284 2832 commence
1309 2791 1360 2831 et
1381 2785 1535 2842 alors,
1560 2785 1667 2830 loin
1687 2784 1753 2831 de
1773 2784 2164 2844 l’interrompre,
2212 2784 2518 2832 l’acce'le'rait

466 2890 637 2949 plauit
669 2903 733 2935 en
756 2889 1202 2950 l'aceompagnant
1224 2889 1347 2935 d’an
1368 2902 1464 2936 son
1494 2889 1646 2949 larg-e
1670 2893 1719 2934 et
1749 2888 1910 2948 plein.
1940 2887 2035 2935 Get
2068 2888 2381 2935 alexandrin
2409 2890 2515 2949 pri-

475 2991 627 3052 mitis,
655 2991 687 3037 ὰ
710 2992 760 3037 la
790 2992 970 3038 ce'sare
993 2991 1237 3048 variable,
1269 3005 1338 3037 aa
1387 2990 1515 3037 libre
1540 2989 1934 3048 enjambement,
1961 2989 1993 3037 ὰ
2020 2990 2070 3037 la
2095 2991 2226 3037 rime
2246 2991 2404 3049 riche,
2424 2991 2516 3052 qui

472 3096 549 3140 fut
568 3094 867 3141 d'habitude
891 3095 1023 3141 celui
1041 3095 1105 3142 de
1127 3095 1197 3141 du
1221 3094 1415 3154 Bellay,
1442 3094 1507 3142 de
1531 3094 1773 3141 Ronsard
1797 3101 1849 3140 et
1872 3093 1937 3140 de
1962 3094 2269 3155 d’Aubigne,
2293 3094 2426 3141 celui
2448 3094 2515 3142 de

474 3198 685 3244 Moliere
706 3198 838 3244 dans
865 3213 950 3245 ses
971 3198 1232 3246 comedies
1254 3213 1318 3246 en
1333 3213 1455 3246 vers
1481 3206 1532 3245 et
1556 3199 1622 3246 de
1647 3198 1840 3245 Racine
1857 3198 1991 3244 dans
2018 3211 2103 3244 ses
2128 3216 2150 3241 «
2174 3197 2444 3245 Plaideurs
2469 3215 2513 3256 ιο,

475 3315 575 3361 que
600 3301 865 3348 Malherbe
892 3310 944 3348 et
968 3303 1182 3348 Boileau
1214 3307 1398 3349 earent
1421 3302 1468 3348 le
1495 3307 1599 3348 tort
1615 3302 1681 3348 de
1704 3302 1810 3348 mal
1833 3301 2172 3362 comprendre
2209 3309 2260 3348 et
2298 3301 2365 3348 de
2406 3308 2514 3349 tou-

473 3407 618 3465 J'ours
644 3406 948 3463 combattre‚
971 3407 1231 3466 qu'Andre
1261 3406 1482 3453 (311611161-
1506 3407 1539 3451 a
1585 3406 1638 3452 13
1680 3406 1750 3452 fin
1786 3405 1858 3452 du
1897 3405 2101 3452 dernier
2127 3405 2302 3463 siecle,
2335 3405 2514 3453 recrea

474 3522 601 3554 avec
625 3523 723 3555 une
748 3509 1048 3569 incroyable
1069 3510 1269 3557 audace
1295 3516 1347 3558 et
1364 3525 1434 3557 an
1452 3509 1682 3557 bonhem·
1707 3510 1849 3556 inoai
1871 3525 1888 3556 .·
1914 3495 1992 3557 cet
2025 3509 2340 3556 alexandrin
2363 3513 2439 3556 est
2466 3508 2513 3555 le

549 3788 608 3840 (1)
628 3789 719 3829 vido
745 3789 901 3842 5,·16,
925 3790 977 3843 6,
1005 3790 1087 3842 56,
1114 3797 1152 3832 et
1172 3791 1227 3840 1.,
1258 3789 1424 3843 1,104.
