2762 4316
1324 285 1615 338 ——60—77

502 444 778 513 Quaedam
846 442 1037 510 etiam,
1103 439 1273 513 capiti
1336 437 1491 512 quod
1563 438 1734 494 tertio
1795 437 2018 494 decimo
2095 437 2188 493 die
2261 439 2476 494 mensis

432 578 694 637 Octobris
739 576 890 650 typis
939 572 1272 628 mandatum
1320 574 1424 640 est,
1485 574 1678 646 aperte
1728 570 2115 645 significantia
2170 589 2298 644 quae
2365 571 2475 627 sibi

428 713 795 788 proponeret,
856 706 1013 762 addit
1053 708 1510 764 Sainie-Beuve.
1555 706 1835 779 Legentes
1863 703 2016 760 enim
2052 708 2369 778 praemonet
2418 677 2478 760 se

432 846 706 902 volumen
758 842 1047 914 integrum
1103 838 1477 913 impleturum
1533 857 1656 894 esse
1711 837 1976 894 versibus
2034 837 2258 893 selectis
2311 837 2478 894 istius

430 977 716 1037 Ronsard
761 973 973 1030 vetusti
1024 976 1080 1028 et
1134 971 1375 1028 obsoleti
1422 1004 1497 1012 —
1556 971 1944 1046 plurimorum
1995 970 2197 1026 saltem
2247 970 2477 1044 judicio

431 1145 506 1155 —
613 1128 719 1165 nec
776 1107 922 1164 celat
974 1125 1148 1180 quam
1202 1105 1373 1162 valde
1423 1108 1579 1180 optet
1625 1104 1922 1160 infamiam
1969 1103 2094 1178 ejus
2144 1103 2366 1160 delere:

548 1155 560 1179 ²

524 1378 547 1403 α
572 1358 870 1413 Lui-meme,
911 1367 1070 1402 osons
1115 1355 1165 1403 le
1203 1356 1333 1412 dire,
1381 1356 1419 1401 il
1463 1356 1548 1402 n’a
1593 1369 1689 1414 pas
1736 1356 1975 1416 toujours
2019 1355 2100 1401 ete
2147 1351 2486 1403 malheureux

435 1463 567 1510 dans
611 1476 696 1508 ses
743 1460 1046 1507 hardiesses
1091 1461 1420 1521 genereuses.
1456 1460 1533 1506 La
1578 1462 1648 1506 ou
1693 1460 1742 1506 le
1789 1477 1813 1503 ‹<
1838 1460 2025 1520 peuple
2051 1476 2073 1502 »
2116 1460 2212 1506 des
2258 1459 2484 1507 lecteurs

435 1567 595 1614 serait
631 1565 770 1612 tente
823 1564 889 1611 de
938 1564 969 1610 l'
1021 1582 1044 1608 α
1072 1564 1283 1611 estimer
1328 1564 1539 1624 ent-age,
1587 1563 1793 1610 furieux
1812 1578 1841 1609 »
1898 1569 1951 1610 et
2003 1563 2380 1624 inintelligible‚
2443 1563 2482 1610 il

436 1671 577 1718 suffit
623 1668 947 1730 quelquefois
994 1668 1060 1715 de
1113 1668 1411 1728 pardonner
1466 1681 1568 1714 une
1623 1667 1932 1727 expression
1987 1668 2165 1724 basse,
2217 1666 2284 1714 de
2346 1680 2482 1713 com·
2539 1667 2542 1670 ⁴

433 1774 656 1835 prendre
699 1786 768 1820 un
810 1779 929 1819 tour
971 1773 1180 1829 obscur,
1234 1771 1301 1818 de
1346 1771 1586 1832 penetrer
1629 1785 1729 1818 une
1772 1771 1998 1817 allusion
2043 1770 2263 1827 erudite,
2306 1783 2371 1818 en
2415 1785 2486 1818 un

433 1885 541 1926 mot
587 1878 653 1924 de
697 1877 936 1924 soulever
981 1891 1052 1922 un
1097 1876 1239 1937 leger
1282 1875 1418 1922 voile
1468 1889 1601 1935 pour
1661 1876 1710 1922 le
1765 1882 1979 1922 trouver
2043 1874 2370 1922 eblouissant
2432 1881 2485 1922 et

432 1982 649 2042 inspire.
700 1981 794 2028 Ses
830 1974 1054 2027 'beantes
1101 1985 1191 2026 ont
1235 1985 1452 2026 souvent
1496 1979 1682 2026 besoin
1729 1977 1890 2026 d'etre
1944 1978 2268 2026 demontrees
2319 1985 2481 2026 avant

437 2086 598 2132 d'etre
638 2085 849 2132 senties.
896 2083 1035 2131 C'est
1089 2097 1148 2130 ce
1190 2084 1299 2130 rele
1342 2082 1534 2129 delicat
1591 2082 1923 2143 d’interprete
1978 2096 2078 2143 que
2138 2096 2271 2129 nous
2319 2095 2486 2129 avons

439 2190 589 2235 tache
632 2189 698 2235 de
744 2187 957 2248 remplir
996 2187 1130 2234 dans
1173 2187 1221 2234 le
1265 2187 1470 2234 volume
1519 2187 1767 2233 consacre
1823 2200 1887 2233 en
1949 2186 2111 2233 entier
2167 2187 2201 2232 a
2250 2185 2492 2233 Ronsard

442 2300 493 2340 et
536 2294 568 2338 a
603 2306 688 2339 ses
737 2306 945 2339 oeuvres
990 2306 1001 2337 :
1051 2291 1300 2348 heureux,
1349 2292 1395 2338 si
1442 2304 1571 2337 nous
1613 2305 1769 2339 avons
1817 2290 1985 2337 re‘ussi
2035 2290 2067 2336 ὰ
2112 2304 2315 2354 venger·
2368 2303 2492 2338 sans

440 2398 719 2455 tanatisme
769 2402 819 2443 et
867 2396 900 2444 ὰ
954 2397 1151 2444 relever·
1209 2410 1333 2443 sans
1393 2396 1730 2457 superstition
1793 2409 1894 2442 une
1968 2395 2180 2456 grande
2240 2395 2490 2442 memoire

445 2502 637 2549 de'chue
661 2503 682 2548 l
706 2502 802 2562 (1).

516 2718 705 2791 Atque
762 2717 1046 2792 protinUS‚
1099 2735 1231 2773 cum
1280 2718 1448 2772 antea
1486 2715 1813 2790 scripsisset
1873 2734 1884 2771 ε

537 2926 610 2971 La
653 2925 1006 2972 versification
1048 2924 1142 2971 dut
1182 2926 1215 2971 a
1258 2923 1499 2972 Ronsard
1541 2923 1806 2984 plusieurs
1849 2924 2067 2984 progres
2089 2923 2181 2984 (2),

527 3160 683 3197 nunc
734 3140 932 3197 scribit
968 3159 979 3196 :

540 3350 614 3396 La
657 3350 1007 3397 versification
1042 3350 1134 3397 dut
1170 3352 1203 3397 a
1235 3349 1474 3398 Ronsard
1516 3350 1577 3397 de
1614 3348 1845 3396 noiables
1882 3351 2118 3410 progres.
2154 3349 2216 3396 Et
2258 3348 2496 3404 d'abord‚

451 3453 487 3498 il
532 3454 761 3514 imagine
799 3468 898 3500 une
944 3454 1142 3514 grande
1184 3455 1382 3501 variete
1429 3454 1495 3501 de
1547 3453 1777 3514 rythmes
1822 3434 2054 3514 lyriques
2096 3460 2148 3500 et
2195 3451 2499 3499 construisit

537 3726 592 3779 (1)
611 3726 704 3767 vide
730 3727 781 3775 Β,
807 3727 890 3780 95,
918 3729 971 3781 0,
993 3728 1062 3771 '76
1086 3734 1125 3770 et
1153 3729 1210 3781 L,
1238 3728 1270 3776 1,
1299 3728 1417 3771 133.

539 3798 594 3852 (2)
617 3800 710 3841 vide
730 3801 776 3843 G
796 3802 862 3854 (¹3
885 3803 999 3855 oct.).
