2808 4412
1494 373 1560 395 —
1593 347 1627 398 4
1660 374 1726 383 -

586 511 652 563 ut
699 524 826 580 quae
881 504 1148 578 opinatus
1210 503 1357 556 esset
1405 500 1572 554 antea
1633 498 1821 555 denuo
1883 501 2169 573 pensaret,
2230 502 2284 555 et
2339 502 2623 574 tempera-

589 643 675 696 ret
747 639 794 694 si
863 635 998 710 quid
1062 634 1122 689 in
1185 632 1456 688 laudibus
1519 632 1982 703 immoderatum,
2043 635 2305 705 gravaret
2366 632 2414 687 si
2485 631 2622 705 quid

586 774 645 828 in
726 766 1267 845 reprehensionibus
1342 764 1738 839 indulgentius
1809 784 1933 822 esse
2011 765 2323 845 videretur.
2407 764 2618 838 Atque,

585 905 1056 979 quotiescumque
1147 918 1322 974 opera
1400 899 1523 972 jam
1600 901 1766 955 antea
1833 899 2044 955 emissa
2115 898 2319 955 edebat
2389 898 2622 968 iterum,

583 1042 681 1094 aut
755 1039 974 1091 textum
1046 1033 1387 1090 emendabat
1459 1032 1731 1106 maligne,
1801 1050 1905 1106 pro
1987 1031 2179 1088 verbis
2258 1030 2370 1087 alia
2448 1030 2625 1086 verba

583 1170 915 1244 subjicienS,
967 1171 1066 1225 aut
1111 1167 1303 1242 potius
1359 1166 1574 1223 notulis
1625 1166 1831 1222 astutis
1891 1165 2320 1222 contradicebat
2376 1163 2447 1220 iis
2495 1181 2623 1238 quae

580 1304 863 1379 superiori
925 1302 1149 1377 paginae
1196 1301 1345 1376 parti
1392 1300 1667 1374 inscripta
1722 1303 1906 1370 erant,
1960 1300 2158 1369 nimia,
2228 1318 2334 1357 suo
2392 1297 2626 1373 quidem

586 1437 883 1506 arbitratu,
927 1438 1025 1491 aut
1066 1433 1439 1489 admiratione
1488 1436 1588 1489 aut
1640 1432 2083 1489 mansuetudine
2119 1432 2434 1506 inquinata.

652 1570 836 1644 Igitur
862 1570 910 1624 si
935 1568 994 1623 in
1017 1567 1209 1624 animo
1237 1567 1517 1623 habemus
1542 1565 1751 1622 mentis
1778 1566 1954 1639 hujus
1981 1565 2146 1639 quasi
2173 1565 2407 1621 annales
2434 1565 2618 1622 revol-

579 1724 714 1762 vere
762 1707 817 1760 et
871 1703 1135 1777 cupimus
1181 1701 1430 1758 dilucide
1473 1718 1821 1775 cognoscere
1867 1700 2077 1773 quibus
2121 1698 2398 1755 doctrinis
2441 1699 2628 1756 diver-

579 1837 656 1892 sis
684 1836 941 1891 imbutus
978 1836 1033 1890 et
1069 1832 1278 1907 quibus
1310 1831 1515 1888 studiis
1538 1830 1794 1887 vicissim
1823 1833 2013 1886 motus
2042 1830 2117 1885 sit
2141 1831 2619 1900 Sainte-Beuve,

576 1969 892 2045 plurimum
955 1966 1121 2023 nobis
1171 1965 1425 2040 proderit
1478 1984 1606 2039 quae
1662 1963 2052 2020 emendaverit
2108 1966 2164 2019 et
2218 1962 2429 2037 quibus
2505 1960 2626 2018 sibi

578 2103 701 2178 ipse
748 2121 850 2177 per
890 2120 1071 2157 annos
1119 2103 1347 2157 exactos
1395 2098 1774 2173 discrepuerit
1826 2097 2136 2172 inquirere.
2178 2096 2269 2153 Ad
2318 2115 2452 2171 quae
2500 2095 2626 2152 ani-

576 2236 1004 2307 madvertenda,
1071 2235 1218 2291 nihil
1295 2234 1484 2309 aptius
1553 2215 1782 2289 videtur
1850 2251 2023 2306 quam
2094 2231 2246 2288 idem
2333 2229 2626 2304 quoddam

578 2391 724 2447 opus
801 2370 1064 2445 religiose
1148 2369 1443 2443 indagare,
1530 2387 1563 2423 a
1651 2366 1927 2441 scriptore
2013 2367 2139 2440 ipso
2230 2365 2443 2421 iterum
2523 2362 2629 2420 ali-

577 2509 719 2581 quot
796 2504 962 2561 annis
1033 2502 1347 2576 interjectis
1403 2501 1639 2557 editum.
1693 2500 2010 2575 Apparebit
2068 2499 2241 2571 enim,
2309 2502 2374 2555 ut
2430 2515 2618 2555 exem-

581 2638 741 2712 plum
801 2638 1053 2709 afferam,
1114 2638 1395 2710 quantum
1454 2633 1596 2690 fides
1658 2633 1783 2707 ejus
1849 2633 1917 2688 de
1978 2631 2277 2707 relligione
2331 2634 2386 2688 et
2440 2632 2612 2688 rebus

579 2771 810 2841 divinis,
868 2771 1018 2827 inter
1094 2789 1278 2826 annos
1377 2767 1751 2824 millesimum
1840 2765 2387 2840 octingentesimum
2457 2765 2625 2822 trice-

580 2905 792 2961 simum
840 2904 1148 2978 septimum
1204 2907 1259 2959 et
1296 2901 1699 2982 *millesimum
1776 2900 2319 2975 octingentesimum
2392 2918 2628 2975 sexage—

583 3038 791 3095 simum
859 3038 1188 3112 septimum,
1249 3038 1468 3092 mutata
1536 3034 1627 3103 sit,
1682 3034 1731 3089 si
1789 3033 1917 3108 quis
1986 3033 2165 3089 libros
2219 3034 2428 3107 quibus
2494 3033 2629 3090 titu-

584 3174 674 3230 lus
756 3175 1155 3244 Port-Royal,
1249 3169 1447 3244 quales
1523 3169 1776 3243 primum
1875 3167 2071 3235 edidit,
2181 3166 2342 3223 libris
2423 3167 2628 3224 iisdem

584 3307 851 3364 ultimum
922 3305 1086 3362 editis
1158 3302 1485 3360 contulerit.
1559 3302 1678 3358 Nec
1767 3301 1960 3359 minus
2046 3301 2196 3358 clare
2275 3304 2430 3376 patet
2505 3302 2627 3358 fore

587 3446 650 3498 ut
720 3442 888 3516 plane
965 3456 1385 3514 cognoscamus
1475 3454 1649 3510 quam
1727 3435 1902 3492 variis
1968 3435 2269 3510 praeceptis
2355 3435 2425 3491 de
2507 3438 2627 3492 arte

589 3575 874 3630 scribendi
936 3574 1097 3628 nisus
1161 3572 1235 3627 sit
1288 3574 1343 3627 et
1404 3588 1577 3644 quam
1638 3587 1788 3643 saepe
1841 3569 2061 3643 judicia
2112 3588 2216 3625 sua
2269 3567 2336 3624 de
2387 3568 2628 3643 scripto-

594 3708 751 3762 ribus
807 3706 1133 3776 mutaverit,
1186 3724 1318 3760 cum
1365 3702 1782 3759 contulerimus
1831 3702 2176 3776 scriptorum
2226 3701 2628 3777 descriptioni-

589 3841 718 3910 bus,
777 3841 986 3914 quibus
1037 3838 1289 3896 collectis
1336 3837 1469 3893 libri
1538 3839 1859 3893 Pertraits
1918 3838 2431 3907 Contemporains
2491 3835 2629 3893 dicti
