2808 4412
1429 356 1495 367 ..
1527 330 1562 382 3
1594 291 1661 366 ’.’-

520 519 594 528 -
648 485 915 542 undecim
983 483 1168 558 capita
1243 479 1576 555 singulatim
1655 478 1946 556 divulgata
2028 484 2184 553 sunt,
2274 482 2365 538 his
2413 483 2550 540 titu-

515 619 585 675 lis
662 617 977 692 generatim
1061 613 1374 688 inscriptiS,
1474 613 1778 688 primum:
1842 615 1991 708 Εἰᾳί
2061 615 2135 671 de
2213 617 2276 672 la
2339 615 2546 686 poesie

516 754 834 823 franpaise
907 750 946 805 ct
1017 751 1081 804 la
1151 751 1243 818 fin
1329 748 1415 804 du
1501 750 1631 804 XVe
1720 752 1779 805 et
1857 765 1941 805 au
2034 731 2552 808 commencement

520 886 605 940 du
673 884 832 938 XVIe
899 882 1104 951 siecle,
1191 879 1437 936 deinde:
1518 880 1731 938 Podsie
1819 885 2139 952 franpaise
2229 899 2313 940 au
2389 886 2551 941 XVIe

516 1018 716 1074 siecle.
797 1014 924 1069 Jam
1008 1015 1195 1083 antea,
1282 1012 1374 1069 die
1442 1016 1646 1087 quarto
1728 1013 1950 1070 decimo
2038 1014 2251 1071 mensis
2338 1015 2553 1091 Aprilis

520 1150 656 1205 anni
736 1146 1222 1217 MDCCCXXVII,
1297 1146 1496 1203 eadem
1574 1147 1635 1202 in
1718 1147 2102 1222 ephemeride,
2161 1148 2555 1223 publicaverat

514 1282 959 1340 Sainte-Beuve
1019 1280 1089 1336 de
1149 1283 1320 1355 poeta
1372 1283 1699 1339 Malherbe
1764 1281 2225 1339 dissertationem
2294 1283 2551 1359 (Lettres

517 1415 778 1474 ineditas*
839 1417 914 1472 de
971 1417 1299 1472 Malherbe
1353 1415 1661 1472 adressdes
1715 1417 1755 1472 ἀ
1821 1418 2116 1490 Peireso),
2176 1436 2304 1492 quae
2357 1451 2434 1462 --
2485 1422 2551 1475 ut

515 1550 708 1608 locum
761 1549 1080 1624 legitimum
1127 1552 1347 1606 teneret
1391 1582 1466 1589 —
1519 1548 1684 1605 seriei
1739 1551 1852 1622 jam
1916 1550 2183 1624 perfectae
2240 1550 2553 1625 subjuncta

518 1688 621 1742 est.
706 1684 1025 1741 Duodecim
1101 1684 1279 1759 igitur
1357 1683 1545 1758 capita
1618 1683 1678 1739 in
1756 1702 1963 1740 manus
2035 1684 2351 1759 legentium
2423 1685 2556 1742 data

517 1822 691 1890 sunt;
745 1819 952 1894 quibus
1010 1819 1265 1876 collectis
1323 1838 1456 1893 pars
1515 1819 1614 1875 illa
1674 1820 1790 1876 fere
1859 1823 1982 1876 tota
2040 1824 2286 1894 constat,
2341 1821 2403 1877 in
2442 1839 2556 1896 qua

515 1953 583 2010 de
659 1954 819 2027 poesi
884 1954 1114 2028 proprie
1176 1953 1523 2028 disputatur,
1597 1954 1800 2011 ceteris
1872 1954 2160 2011 scribendi
2248 1955 2555 2030 generibus

519 2086 743 2163 (fabulis
784 2087 1003 2144 scilicet
1032 2088 1093 2143 in
1141 2106 1313 2144 scena
1337 2087 1478 2144 actis
1505 2091 1558 2143 et
1603 2065 1823 2144 fabulis
1850 2088 2019 2157 fictis,
2055 2088 2261 2164 gallice
2302 2107 2557 2147 romans

513 2221 700 2295 dictis)
750 2241 1011 2278 seorsum
1075 2223 1350 2281 tractatis,
1407 2214 1612 2279 Primae
1678 2223 1855 2298 igitur
1918 2242 1985 2279 ac
2048 2224 2313 2280 maximae
2375 2225 2554 2282 trium

514 2356 762 2430 partium
817 2375 886 2414 ex
940 2356 1149 2431 quibus
1211 2375 1355 2431 opus
1408 2357 1777 2414 constituitur
1843 2357 2215 2432 completum,
2274 2358 2335 2413 in
2387 2359 2558 2434 ephe-

515 2489 727 2546 meride
777 2494 859 2547 Le
909 2493 1112 2561 Globe,
1163 2490 1384 2565 primus
1435 2493 1625 2547 textus
1663 2491 1990 2548 continetur
2031 2510 2041 2547 :
2110 2491 2177 2549 G.

589 2624 691 2680 Die
739 2628 929 2681 autem
976 2625 1405 2682 undevicesimo
1455 2625 1668 2681 mensis
1695 2624 1856 2696 Julii,
1904 2625 2091 2682 tribus
2135 2626 2434 2684 mensibus
2459 2628 2558 2684 vix

514 2758 827 2833 interjectis
865 2778 932 2815 ex
966 2778 1080 2834 quo
1117 2762 1567 2818 Sainte-Beuve
1599 2759 1870 2817 ultimum
1897 2765 2070 2835 caput
2104 2760 2165 2816 in
2192 2761 2556 2836 ephemeride

512 2893 920 2966 publicaverat,
957 2895 1151 2950 omnia
1184 2894 1361 2951 edidit
1403 2894 1662 2966 collecta,
1712 2895 1793 2951 ita
1836 2895 2131 2969 recognita
2178 2899 2244 2951 ut
2284 2895 2555 2952 emenda-

514 3029 711 3083 rentur
744 3031 799 3082 et
845 3027 1270 3101 complerentur
1311 3031 1501 3101 atque,
1538 3027 1688 3083 inter
1724 3046 1783 3084 se
1819 3031 2029 3102 aptata,
2078 3046 2263 3084 unum
2295 3027 2355 3084 in
2406 3047 2553 3103 opus

515 3160 924 3235 redigerentur.
970 3160 1209 3229 Quoda
1249 3161 1722 3235 procuratoribus
1769 3161 2252 3219 bibliothecarum
2293 3162 2354 3218 in
2399 3163 2556 3220 hunc

515 3294 749 3350 modum
776 3295 1065 3369 signatum
1091 3299 1206 3352 est:
1237 3299 1275 3352 2
1298 3299 1417 3353 vol.
1449 3300 1606 3368 vin-8,
1645 3300 1822 3354 11-596
1846 3302 1904 3354 et
1939 3299 2256 3354 xxx1v-350
2265 3315 2377 3369 pp.
2401 3299 2555 3356 Sau-

517 3430 676 3496 telet,
713 3432 1081 3486 Johanneau
1118 3435 1177 3486 et
1214 3432 1509 3487 Mesnier.
1542 3431 1679 3487 Haec
1713 3435 1905 3488 autem
1938 3431 2257 3501 volumina,
2286 3430 2392 3487 etsi
2431 3431 2557 3487 ani-

517 3579 641 3617 mos
666 3563 827 3620 valde
854 3569 1178 3635 moverunt,
1201 3565 1318 3621 sive
1344 3565 1821 3635 romanticorum,
1841 3583 1973 3622 cum
1999 3565 2378 3621 admiratione
2410 3564 2557 3622 inci-

517 3699 791 3767 tarentur,
823 3697 940 3752 sive
968 3698 1360 3768 classicorum,
1391 3717 1523 3754 cum
1556 3698 1917 3755 temerariam
1953 3698 2203 3755 auctoris
2232 3698 2555 3755 doctrinam

512 3847 659 3902 aegre
686 3831 917 3901 ferrent,
936 3849 965 3887 e
990 3831 1357 3888 librariorum
1375 3831 1624 3888 tabernis
1641 3831 1795 3888 haud
1816 3832 1927 3889 cito
1945 3831 2193 3888 abducta
2213 3849 2336 3888 esse
2357 3830 2555 3888 viden-
