2762 4316
440 1140 663 1192 Primus
686 1145 890 1200 textus,
915 1138 1261 1206 ephemeridi
1283 1141 1363 1191 Le
1392 1137 1571 1192 Globe
1594 1139 1858 1200 insertus,
1883 1140 2073 1193 littera
2093 1140 2354 1210 signatur
2438 1142 2489 1194 G

439 1250 603 1302 Alter
625 1256 828 1308 textus,
856 1249 1204 1301 editionibus
1235 1267 1259 1299 «
1283 1249 1470 1317 prima
1495 1268 1520 1299 »
1566 1257 1622 1302 et
1658 1266 1688 1300 «
1721 1251 1856 1303 alte-

871 1377 937 1412 ra
950 1378 980 1412 »
997 1361 1183 1420 dietis,
1202 1361 1356 1429 apud
1368 1360 1621 1413 Saatelet
1637 1369 1693 1413 et
1710 1361 1850 1414 Boe-

873 1475 1009 1539 quet
1032 1470 1273 1522 emissus
2450 1471 2490 1525 s

442 1604 664 1657 Tertius
699 1611 903 1665 textuS‚
931 1604 1178 1656 editione
1205 1622 1230 1654 «
1258 1620 1407 1656 nova
1434 1621 1460 1653 »
1494 1603 1663 1663 dieta,
1691 1604 1843 1673 apud

876 1715 1248 1784 Charpentier
1272 1715 1513 1766 emissus
2446 1716 2491 1768 C

442 1850 692 1918 Quartus
715 1856 919 1911 textus,
939 1849 1186 1901 editione
1207 1850 1449 1901 «ultima
1469 1866 1500 1901 »
1517 1850 1684 1909 dicta,
1706 1850 1857 1918 apud

879 1961 1144 2013 Lemerre
1167 1961 1408 2012 emissus
2445 1963 2489 2014 L

440 2097 626 2148 Primo
653 2102 708 2147 et
748 2095 926 2147 altero
961 2111 1195 2146 numero
1233 2095 1620 2163 significantur
1647 2095 1869 2163 pagina,
1905 2095 2218 2147 versiculus
2244 2102 2342 2147 aut
2357 2103 2492 2148 nota

569 2214 756 2260 textus
778 2209 823 2260 L
845 2209 1122 2276 inseripti.

439 2342 738 2394 Lectiones
763 2343 941 2394 textui
972 2343 1016 2393 L
1055 2341 1301 2410 propriae
1336 2357 1641 2409 numquam
1680 2347 1885 2392 notatae
1923 2347 2071 2404 sunt,
2113 2340 2226 2392 nisi
2264 2340 2314 2392 si
2356 2356 2490 2392 casu

576 2453 734 2505 falsae
769 2454 908 2505 visae
934 2454 1064 2503 sint.

447 2587 736 2638 Lectiones
759 2595 1012 2638 textuum
1037 2587 1105 2645 G,
1140 2586 1195 2646 S,
1236 2586 1297 2646 C,
1337 2586 1709 2637 exordiuntur
1744 2592 1798 2636 et
1835 2585 2099 2637 desinunt
2131 2584 2324 2637 verbis
2367 2602 2488 2654 quae

573 2707 707 2750 sunt
727 2706 783 2750 et
804 2699 921 2750 illis
946 2706 1000 2750 et
1023 2698 1203 2750 textui
1228 2699 1272 2749 L
1297 2697 1634 2757 eommunia,
1663 2704 1799 2765 typo
1836 2697 2027 2748 italico
2049 2698 2295 2765 seriptiS.

445 2834 586 2901 Quae
612 2832 672 2883 in
697 2833 747 2884 G
771 2840 868 2884 aut
892 2832 930 2885 S
955 2840 1051 2884 aut
1075 2832 1117 2884 C
1142 2831 1535 2883 desiderantur
1559 2831 1722 2899 signo
1747 2832 1764 2848 ⁴
1790 2831 2197 2899 significantur.
