2808 4412
1400 345 1466 355 -
1500 287 1579 370 24λ
1599 342 1666 354 .-

517 497 645 535 rum
702 475 978 531 arbitratu
1042 490 1279 546 operum
1334 470 1523 545 prima
1572 470 1757 527 virtus
1812 473 1960 527 esset
2005 471 2055 527 si
2091 471 2241 527 veris
2294 472 2555 547 proxima

518 595 866 651 viderentur.
919 591 1086 659 Quod
1141 590 1374 664 quidem
1421 590 1493 645 ab
1548 589 1815 646 omnibus
1871 587 2194 664 aequalibus
2231 590 2558 664 requireba-

515 732 629 798 tur,
693 727 740 782 si
795 745 912 781 non
966 723 1111 779 falso
1170 688 1402 796 scripsit
1463 723 1919 780 Sainte-Beuve
1998 743 2022 778 .·.
2118 742 2141 778 «
2190 741 2280 813 un
2352 725 2556 780 besoin

516 878 776 934 presque
848 861 1151 916 unanime
1227 859 1302 914 de
1385 856 1590 914 ve'rite’
1665 875 1727 914 se
1775 859 2100 929 proclame
2192 823 2554 915 hautement

516 998 669 1053 dans
723 999 854 1050 tous
905 995 988 1048 les
1043 996 1176 1048 αντε
1225 992 1299 1047 de
1353 995 1534 1048 notre
1588 990 1817 1062 e'poque
1865 1011 1894 1048 »
1964 991 2063 1067 (1).

591 1126 797 1195 Facile,
858 1124 1047 1192 cred0‚
1107 1123 1390 1180 existimet
1445 1124 1573 1198 quis
1637 1124 1788 1180 hanc
1844 1143 2017 1213 quam
2068 1122 2439 1199 exposuimus
2488 1123 2558 1180 de

513 1263 629 1317 arte
670 1258 958 1315 scribendi
1010 1257 1332 1313 doctrinam
1374 1256 1518 1312 nihil
1553 1257 1709 1314 aliud
1759 1276 1882 1315 esse
1918 1257 2030 1313 nisi
2076 1257 2401 1314 doctrinam
2447 1256 2561 1313 hoc

515 1395 641 1468 ipso
689 1395 944 1465 tempore
985 1389 1356 1464 praedicatam
1400 1409 1467 1445 ac
1509 1389 1910 1446 decantantam
1952 1410 1985 1446 a
2019 1391 2353 1446 romanticae
2390 1393 2559 1447 sectae

521 1524 914 1600 scriptoribus,
956 1522 1277 1580 Plurimum
1337 1525 1529 1579 autem
1584 1523 1743 1579 abest
1788 1542 1799 1592 3
1853 1523 1993 1579 adeo
2061 1526 2125 1580 ut
2173 1523 2561 1598 ephemeridis

519 1663 595 1716 Le
638 1660 819 1715 Globe
875 1657 1297 1731 conscriptores
1351 1656 1720 1731 pertinaciter
1768 1655 2163 1713 lacessiverint
2210 1675 2411 1713 omnes
2462 1674 2560 1712 eos

520 1792 638 1866 qui,
697 1798 894 1847 nostro
943 1791 1176 1865 quidem
1219 1790 1464 1865 judicio,
1503 1790 1624 1846 veri
1672 1790 1977 1847 romantici
2025 1790 2202 1847 fuisse
2249 1790 2562 1862 habentur,

523 1944 653 1982 cum
722 1925 790 1980 ab
867 1925 939 1981 iis
1012 1925 1333 2000 ephemeris
1398 1924 1738 1996 romantica‚
1817 1928 1906 1981 La
1974 1927 2148 1981 Muse
2216 1927 2560 1996 franpai‘se,

522 2062 661 2115 tunc
709 2058 1034 2133 conscripta
1076 2058 1170 2129 sit,
1214 2061 1270 2114 et
1323 2057 1496 2132 paulo
1559 2060 1693 2132 post
1733 2058 2111 2114 constitutum
2153 2057 2306 2132 quod
2356 2057 2566 2115 dicitur

524 2193 906 2248 romanticum
957 2194 1383 2250 Cenaeulum:
1429 2191 1763 2247 illosenim
1818 2191 1975 2248 haud
2019 2191 2342 2248 minoribus
2387 2192 2566 2264 notiS‚

527 2326 703 2382 immo
750 2325 1087 2394 maledictiS‚
1133 2325 1395 2382 insectati
1429 2328 1565 2382 sunt
1598 2344 1771 2399 quam
1817 2325 2343 2400 pseudo-classicos
2386 2325 2566 2402 ipsos·

529 2460 754 2516 Etenim
824 2478 891 2516 ex
964 2460 1247 2517 sententia
1307 2459 1369 2514 in
1454 2459 1817 2534 ephemeride
1901 2463 1983 2516 Le
2063 2462 2247 2518 Globe
2302 2459 2568 2535 probata,

532 2593 788 2649 sincerus
845 2593 1257 2649 romantismus
1307 2593 1366 2648 in
1423 2593 1533 2650 hoc
1591 2592 1917 2649 continetur
1972 2593 2127 2668 quod
2178 2592 2411 2650 libertas
2461 2594 2571 2650 arti

533 2730 587 2782 et
633 2727 945 2783 artificibus
994 2726 1352 2797 vindicatur;
1413 2727 1736 2784 libertatem
1777 2730 1969 2784 autem
2019 2727 2306 2784 ducebant
2355 2727 2573 2802 aliquid

534 2860 812 2915 moderati
878 2879 944 2916 ac
1020 2861 1343 2936 temperati,
1435 2879 1607 2935 quam
1685 2859 1799 2917 illis
1880 2860 2039 2917 cordi
2103 2864 2225 2917 erat
2298 2881 2328 2917 a
2397 2860 2576 2917 nimia

538 2992 1117 3068 reprehendendaque
1166 2993 1401 3050 licentia
1457 2994 1783 3050 discernere
1843 2994 1943 3069 (2).
2003 2995 2202 3068 Itaque
2252 2994 2302 3051 si
2342 3012 2575 3052 necesse

539 3124 928 3182 existimarent
983 3130 1162 3189 artem
1211 3126 1498 3183 scribendi
1546 3127 1769 3202 legibus
1818 3127 1943 3189 istis
2000 3127 2270 3184 inanibus
2309 3127 2576 3199 eximere,

542 3276 683 3330 quas
738 3260 988 3316 abstrusi
1043 3260 1376 3335 philosophi
1436 3265 1492 3317 et
1553 3261 1736 3317 critici
1792 3261 1942 3318 tardi
1997 3262 2304 3333 finxerant,
2365 3261 2579 3318 nihilo-

546 3393 734 3449 minus
788 3412 1123 3468 permanere
1179 3394 1461 3469 putabant
1506 3395 1661 3469 leges
1724 3396 2003 3470 quasdam
2057 3395 2388 3471 legitimas;
2451 3414 2580 3471 quae

626 3668 678 3718 (¹)
706 3668 798 3707 Vide
830 3668 873 3707 Le
900 3668 1021 3716 Globe,
1052 3669 1165 3708 Petite
1189 3669 1308 3709 Revue
1333 3670 1526 3721 litteraire,
1550 3670 1598 3709 27
1620 3669 1704 3710 dec.
1737 3669 1848 3711 1825.
1878 3692 1928 3700 -
1947 3670 2041 3710 Haec
2065 3670 2249 3723 operibus
2274 3670 2477 3723 scriptoris
2502 3682 2581 3712 non

547 3741 692 3781 inserta
718 3748 824 3783 sunt.

623 3837 678 3887 (2)
706 3836 797 3877 Vide
826 3837 872 3877 Le
901 3837 1022 3888 Globe,
1047 3838 1070 3877 2
1094 3850 1163 3890 ap.
1198 3838 1296 3878 1825
1327 3850 1338 3880 t
1362 3839 1496 3891 Virnr,
1523 3839 1572 3880 De
1597 3839 1900 3892 l’tndependance
1927 3852 1973 3881 en
1997 3842 2151 3882 muliere
2168 3841 2211 3882 de
2237 3839 2339 3891 90221.
