2762 4316
1382 311 1449 320 -
1484 283 1551 336 62
1581 310 1650 321 -

577 441 743 508 Quod
810 457 1026 495 novum
1086 438 1373 512 judicium
1436 437 1691 493 studiose
1760 437 2152 505 confirmatur,
2219 437 2536 494 multorum

498 576 828 648 poematum
912 570 1264 645 argumentis
1351 569 1642 644 expositis,
1725 570 2104 644 versibusque
2196 570 2380 626 allatis
2482 573 2538 627 et

499 705 967 762 adnotationibus
1023 722 1196 777 quam
1247 703 1674 777 benignissimis
1726 703 2079 778 interpositis
2137 703 2234 778 (1).
2277 660 2279 662 ·

572 838 741 905 Quod
814 841 1005 893 autem
1067 836 1270 892 attinet
1339 855 1455 892 non
1521 836 1644 910 jam
1710 837 1781 892 ad
1859 836 2119 910 singulos
2204 836 2534 910 scriptoreS,

500 972 790 1029 Ronsard
837 973 936 1026 aut
997 972 1083 1026 du
1136 973 1356 1041 Bellay
1404 972 1502 1026 aut
1555 972 1731 1040 Bais,
1793 970 1890 1045 sed
1921 970 2018 1047 ⁶ad
2074 972 2259 1026 totum
2328 971 2539 1025 Pleia-

2052 1102 2538 1158 restituendarum

499 1107 649 1161 dum
1231 1106 1525 1176 totamque
1612 1102 1934 1159 litterarum

764 1106 1136 1172 conventum,

498 1237 884 1311 disciplinam,
957 1256 1075 1292 non
1137 1237 1329 1293 minus
1396 1237 1545 1292 clare
1625 1240 1781 1309 patet
1847 1256 2020 1310 quam
2076 1236 2271 1292 vivido
2343 1253 2539 1291 amore

496 1390 633 1446 erga
695 1375 892 1445 poetas
955 1373 1010 1425 et
1063 1372 1349 1444 praecepta
1423 1368 1594 1424 simul
1666 1388 1822 1425 nunc
1891 1369 2233 1444 incendatur
2305 1372 2540 1427 Sainte-

496 1513 715 1562 Beuve.
775 1505 894 1560 Aut
953 1503 1152 1559 laudes
1207 1502 1366 1558 addit
1418 1521 1429 1558 :

586 1668 867 1715 Gracieuse
931 1667 1124 1726 image,
1178 1666 1335 1726 qu’on
1392 1665 1554 1711 serait
1618 1665 1756 1711 tente
1803 1664 2131 1724 d’appliquer
2177 1666 2209 1710 a
2250 1665 2304 1711 la
2360 1664 2542 1724 poesie

495 1772 560 1818 de
606 1786 664 1818 ce
707 1772 981 1832 temps-la!
1028 1771 1134 1817 Elle
1171 1770 1334 1828 aussi,
1371 1784 1439 1816 on
1472 1770 1541 1816 l'a
1582 1787 1603 1813 «
1630 1769 1823 1815 laissee
1847 1769 2008 1815 fletrir
2029 1769 2217 1815 dessus
2240 1768 2294 1815 la
2312 1768 2542 1815 branche

494 1891 592 1937 par
634 1876 776 1922 oubli
799 1891 829 1921 »
875 1882 926 1922 et
971 1889 1103 1921 nous
1142 1888 1339 1920 venons
1375 1874 1496 1920 bien
1537 1873 1657 1920 tard
1687 1858 2019 1934 aujourd’hui
2058 1888 2190 1934 pour
2228 1873 2279 1919 la
2311 1872 2539 1919 cueillirl

494 1980 636 2027 Avec
681 1995 751 2026 un
791 1993 895 2039 peu
942 1979 1008 2025 de
1051 1979 1292 2039 patience
1333 1978 1596 2034 toutefois,
1638 1991 1705 2024 on
1740 1983 1816 2023 est
1860 1990 2082 2038 presque
2118 1979 2212 2024 sar·
2237 1952 2299 2022 de
2343 1981 2543 2022 retroa-

495 2098 581 2132 νει·
622 2084 684 2130 de
723 2098 805 2130 ces
834 2083 1040 2130 beaute's
1068 2096 1253 2129 encore
1276 2081 1470 2142 jcanes
1505 2087 1556 2127 et
1580 2081 1820 2142 sraiches
1861 2082 2053 2141 jusque
2089 2081 2210 2127 chez
2248 2080 2326 2128 les
2357 2081 2541 2140 poetes

496 2187 688 2233 d'alors
734 2187 811 2233 les
848 2187 1018 2233 moins
1059 2199 1255 2232 connus
1276 2184 1386 2245 (2);

497 2339 596 2391 aut
650 2335 972 2392 acerbiores
1022 2333 1332 2392 sententias
1379 2335 1563 2389 mutat
1614 2351 1625 2388 :

844 2500 910 2556 G,
937 2498 966 2544 8
990 2512 1109 2545 nov.

555 2602 693 2650 Sans
737 2605 812 2652 oie
848 2604 1028 2661 re'elle,
1067 2615 1189 2649 sans
1240 2601 1472 2661 origina-

500 2707 588 2753 Ζίιέ
622 2721 834 2768 propr-e,
883 2707 1059 2754 l'ecole
1102 2707 1168 2752 de
1211 2704 1469 2761 Ronsard,

495 2812 670 2872 quand
705 2812 802 2860 elle
841 2818 930 2858 eut
960 2811 1140 2871 epm‘se
1180 2808 1472 2855 l'imitation

496 2929 720 2976 grecque
763 2922 814 2962 et
855 2915 1032 2972 latine,
1079 2928 1136 2961 se
1197 2915 1308 2974 jeta
1352 2913 1471 2973 plus

496 3020 968 3079 particulierement
1025 3033 1113 3065 sur
1180 3017 1472 3063 l’imitation

496 3123 739 3171 italienne
779 3131 829 3171 et
869 3119 1087 3183 l’epuis'a
1121 3135 1320 3168 comme
1351 3120 1473 3167 l’au-

498 3234 574 3274 tre
602 3241 612 3272 :
630 3242 769 3287 poar-
790 3227 908 3284 elle,
930 3227 1100 3273 c’etait
1128 3225 1179 3272 ἰὰ
1202 3239 1256 3273 se
1272 3224 1473 3286 perfec-

498 3332 716 3378 tionner.

1919 2498 1978 2553 S,
2005 2509 2087 2556 ¹23¹
2111 2494 2186 2557 (3)

1625 2600 1757 2646 Toat
1801 2614 1866 2647 en
1908 2600 2034 2662 effet
2057 2600 2235 2647 n'e‘tait
2255 2601 2407 2661 point
2429 2600 2543 2647 bar-

1564 2704 1687 2750 bare
1708 2704 1837 2751 dans
1864 2704 1911 2750 le
1928 2705 2195 2765 premiere
2224 2705 2456 2752 muniere
2480 2705 2542 2751 de

1562 2808 1805 2856 Ronsard
1843 2813 1893 2854 et
1934 2809 1996 2855 de
2043 2823 2124 2856 ses
2168 2810 2301 2856 amis
2350 2822 2362 2855 ε
2407 2822 2542 2856 nous

1562 2911 1756 2959 l'avons
1849 2912 2230 2959 suffisamment
2322 2913 2539 2961 montre.

1564 3016 1882 3062 L'imitation
1892 3016 2137 3063 italienne
2156 3031 2190 3076 y
2207 3017 2397 3063 entrait
2420 3016 2543 3077 dej&

1562 3134 1694 3180 pour
1736 3121 2010 3180 beaucoup
2045 3135 2056 3177 ;
2113 3121 2210 3168 elle
2255 3134 2430 3182 gagna
2476 3120 2542 3168 de

1562 3224 1679 3285 plus
1706 3238 1769 3271 en
1794 3224 1912 3284 plus
1945 3230 2013 3282 et,
2040 3224 2134 3270 des
2167 3238 2268 3285 que
2292 3224 2345 3271 la
2383 3225 2541 3272 flevre

1565 3328 1876 3388 pindarique
1918 3328 1997 3375 fut
2035 3328 2259 3386 tombee,
2297 3328 2394 3376 elle
2437 3328 2542 3389 prit

579 3480 636 3531 (1)
663 3479 886 3521 Notandum
906 3480 1001 3521 mihi
1028 3480 1195 3531 videtur,
1219 3479 1260 3520 in
1287 3479 1376 3519 libri
1396 3477 1652 3529 editionibus,
1682 3490 1761 3519 non
1787 3478 1866 3528 iam
1908 3489 2032 3528 genus
2057 3476 2256 3518 scribendi
2280 3488 2542 3529 versuumque

502 3554 862 3605 componendorum
886 3567 908 3595 a
932 3555 1113 3595 Ronsinn
1134 3555 1206 3596 sed
1228 3566 1249 3594 a
1275 3554 1365 3594 BAir
1379 3553 1599 3593 affectatum
1622 3563 1711 3594 cum
1728 3551 2015 3593 consuetudine
2039 3556 2166 3605 poetae
2187 3551 2356 3594 Canama
2380 3562 2543 3605 compa—

498 3626 594 3668 rari.

589 3715 642 3769 (2)
671 3717 764 3757 vide
786 3717 837 3770 s,
862 3718 979 3770 121,
1011 3718 1064 3769 o,
1086 3717 1153 3759 9'7
1170 3723 1208 3758 et
1236 3717 1292 3766 L,
1315 3715 1482 3765 1,1·70.

582 3808 635 3859 (3)
663 3808 759 3849 vide
784 3809 837 3858 c,
862 3809 970 3851 102
996 3809 1108 3861 ιιι,
1132 3808 1307 3856 1,181.
