2762 4316
1050 1643 1411 1698 Conclusio

293 2040 419 2098 Hoc
466 2041 644 2117 igitur
687 2042 861 2099 unico
921 2061 1108 2117 opere,
1168 2044 1330 2117 quasi
1408 2043 1613 2100 tabella
1682 2041 1950 2116 quadam,
2012 2039 2244 2098 annales

218 2173 371 2243 fidei,
429 2192 600 2248 quam
663 2181 1097 2235 Sainte-Beuve
1173 2176 1619 2232 romanticorum
1683 2175 1956 2231 doctrinae
2025 2173 2242 2229 addidit

214 2307 274 2363 in
294 2306 453 2364 brevi
478 2310 785 2382 coguntur,
822 2325 953 2364 cum
994 2311 1263 2381 quattuor
1295 2307 1424 2362 libri
1459 2308 1653 2363 formae
1702 2307 1871 2364 simul
1937 2323 2244 2380 recognos-

215 2442 436 2496 cantur.
502 2439 760 2507 Quarum
837 2440 1038 2514 gratia,
1106 2441 1410 2511 cernimuS,
1482 2445 1547 2497 ut
1624 2441 1702 2496 ita
1762 2440 1968 2510 dicam,
2055 2437 2238 2495 oculis

210 2570 484 2646 juvenem
526 2572 825 2647 praeceptis
896 2582 963 2629 ac
1006 2573 1241 2647 judiciis
1292 2573 1544 2630 classicis
1608 2540 1915 2642 imbutum,
1972 2571 2236 2645 quamvis

217 2721 378 2761 mens
459 2704 582 2780 ejus
679 2706 826 2762 inter
915 2706 1331 2780 conscriptores
1426 2704 1801 2779 ephemeridis
1894 2708 1976 2760 Le
2055 2705 2239 2760 Globe

215 2835 446 2894 liberior
503 2837 655 2895 facta
730 2838 823 2908 sit,
892 2837 1167 2912 paulatim
1229 2838 1287 2893 in
1364 2841 1550 2912 partes
1625 2837 1970 2893 romanticas
2040 2835 2244 2892 induc-

218 2972 342 3026 tum
423 2972 480 3026 et
547 2969 939 3027 doctrinarum
1014 2970 1268 3044 ipsarum
1336 2967 1616 3025 illecebris
1688 2972 1744 3023 et
1814 2962 1981 3023 amici
2056 2969 2236 3039 Huyo

218 3104 380 3177 grata
452 3102 789 3160 auctoritate
855 3122 868 3171 ;
961 3136 1036 3143 —
1119 3101 1381 3159 eumdem
1452 3102 1742 3175 juvenem,
1820 3099 1990 3174 paulo
2085 3102 2235 3173 post,

217 3233 506 3291 doctrinas
595 3254 627 3291 a
709 3236 1010 3294 Cenaeuli
1110 3234 1484 3309 scriptoribus
1576 3233 1902 3290 decantatas
2011 3249 2236 3288 summo

218 3365 421 3423 ardore
501 3368 773 3443 prosequi
872 3386 1043 3443 quam
1143 3365 1560 3424 studiosissime
1652 3364 1980 3432 decantare,
2094 3364 2243 3421 inter

218 3497 464 3557 Gallicas
511 3499 800 3557 doctrinas
846 3500 1184 3568 adsciscere,
1242 3500 1324 3556 eis
1383 3498 1547 3573 quasi
1589 3498 1688 3573 jus
1745 3496 2062 3572 imaginum
2108 3514 2241 3553 con-

218 3629 384 3702 ferre,
435 3649 666 3706 operam
726 3649 936 3688 navare
1006 3635 1071 3688 ut
1118 3649 1313 3687 earum
1368 3629 1568 3686 merita
1614 3629 1673 3684 in
1731 3627 1918 3685 lucem
1969 3626 2237 3702 proferat,

218 3779 289 3819 ne
319 3761 498 3820 multa
522 3781 590 3820 ex
641 3762 723 3820 eis
770 3766 888 3819 tam
957 3780 1224 3837 magnam
1292 3779 1452 3836 spem
1509 3761 1826 3817 litterarum
1889 3758 2238 3817 Gallicarum
