2762 4316
1368 322 1434 331 ..
1467 292 1533 345 76
1566 317 1634 332 .-

482 450 798 520 naturaque
869 465 1203 520 congruere.
1280 447 1513 503 Fatetur
1582 453 1773 523 aperte
1831 449 1892 505 in
1970 450 2314 524 quibusdam
2378 455 2516 510 scri-

483 579 654 636 bendi
736 578 1061 651 generibuS,
1134 579 1194 632 in
1264 578 1472 636 fabulis
1550 581 1867 655 praesertim
1931 583 2186 656 agendiS,
2238 583 2518 658 quidquid

480 712 824 767 tentaverint
870 729 1085 767 vanum
1133 715 1188 767 et
1233 712 1394 769 futile
1451 715 1699 771 evasisse
1771 719 1846 787 et,
1908 715 1969 770 in
2025 716 2290 773 maximis
2344 718 2518 773 etiam

480 843 864 899 recentiorum
919 843 1210 917 operibUS,
1274 845 1661 918 quorumdam
1725 845 2002 903 vitiorum
2073 849 2240 922 quasi
2298 848 2518 905 semina

480 975 734 1046 latuisse,
786 995 912 1050 quae
960 996 1115 1033 nunc
1161 982 1412 1052 pateant.
1472 979 1675 1052 Immo,
1727 981 1834 1037 etsi
1881 982 2002 1055 ipse
2059 1000 2268 1056 magno
2318 982 2519 1039 ardore

479 1109 810 1185 praedicavit
878 1110 1123 1167 formam
1193 1113 1480 1168 scribendi
1540 1132 1642 1188 per
1705 1132 1764 1170 se
1826 1115 2063 1170 maximi
2126 1132 2250 1171 esse
2304 1115 2563 1189 ponde-'

479 1244 579 1315 riS,
632 1263 763 1300 cum
818 1263 973 1300 nunc
1027 1245 1221 1301 videat
1277 1246 1515 1302 formam
1563 1250 1857 1321 tamquam
1896 1248 2249 1323 praecipuam
2300 1267 2367 1305 ac
2403 1249 2521 1306 fere

480 1377 660 1433 solam
716 1377 907 1452 aliquo
956 1379 1016 1433 in
1053 1378 1180 1435 loco
1230 1398 1374 1451 esse,
1404 1379 1723 1437 reclamitat
1772 1381 1938 1437 istius
1994 1382 2151 1438 modi
2203 1382 2514 1439 doctrinis:

478 1513 670 1585 itaque
725 1511 794 1568 de
847 1512 1210 1583 Theophila
1249 1515 1512 1571 Gautier
1582 1514 1831 1589 quadam
1898 1515 1989 1572 die
2086 1515 2303 1590 aliquid
2365 1534 2520 1572 com-

477 1644 690 1718 posuit,
768 1643 845 1719 (2)
905 1662 1020 1719 quo
1068 1646 1430 1701 romantismi
1480 1645 1589 1715 sui,
1649 1650 1714 1702 ut
1769 1647 1953 1703 amico
2017 1647 2245 1704 cuidam
2309 1647 2520 1705 scribe-

479 1779 594 1847 bat,
646 1779 788 1836 fines
852 1780 1130 1838 definiret.
1203 1781 1355 1855 Ergo
1415 1781 1706 1856 plerisque
1767 1782 1938 1838 rebus
2010 1801 2043 1838 a
2100 1801 2160 1840 se
2229 1783 2522 1858 quondam

479 1914 830 1971 confirmatis
880 1915 1118 1972 modum
1175 1915 1481 1990 quemdam
1535 1915 1789 1985 adhibet,
1850 1916 2114 1991 quaedam
2178 1917 2351 1973 etiam
2397 1915 2521 1991 ipse

479 2048 701 2106 refellit.

551 2168 677 2225 Hac
728 2169 904 2244 igitur
958 2173 1168 2241 mente,
1230 2172 1295 2226 ut
1341 2169 1421 2225 ita
1475 2155 1686 2241 dicam,
1739 2169 1948 2241 media,
2003 2188 2155 2227 anno
2212 2170 2518 2228 millesimo

481 2302 958 2376 octingentesimo
1041 2302 1480 2379 quadragesimo
1554 2305 1744 2374 tertie,
1823 2324 1969 2380 opus
2053 2323 2223 2361 suum
2296 2304 2515 2363 revisit.

479 2436 668 2509 Atque
739 2435 941 2510 primis
1021 2438 1091 2492 ab
1161 2437 1339 2493 initiis
1419 2441 1612 2513 aperte
1678 2438 2020 2495 sententiam
2085 2443 2140 2495 et
2210 2437 2517 2496 consilium

480 2568 730 2626 ostendit
764 2589 774 2625 :

566 2868 594 2914 J
597 2883 726 2916 eune
769 2876 822 2916 et
843 2870 1068 2916 confiant
1090 2869 1355 2928 toutefois,
1375 2870 1447 2931 J'y
1463 2871 1768 2931 multipliais
1785 2872 1862 2918 les
1909 2871 2370 2931 rapprochements
2392 2884 2522 2918 avec

479 2974 526 3019 le
584 2979 754 3033 temps
809 2974 1036 3033 present,
1107 2987 1234 3020 avec
1299 2974 1394 3021 des
1454 2989 1604 3020 noms
1675 2975 1859 3032 aimes,
1915 2989 2042 3022 avec
2107 2982 2221 3021 tout
2279 2981 2360 3022 cet
2421 2978 2520 3035 age

479 3077 699 3124 d’abord
747 3079 792 3124 si
846 3079 1063 3129 fervent,
1090 3079 1156 3126 de
1206 3093 1298 3125 nos
1346 3081 1680 3141 esperanceS.
1735 3081 1796 3128 Je
1851 3094 1914 3127 ne
1966 3079 2239 3127 retr-anche
2287 3080 2403 3127 rien
2453 3093 2521 3125 οιι

480 3181 512 3227 ὰ
547 3197 648 3243 peu
684 3183 809 3244 pres
845 3185 960 3230 rien
1002 3185 1350 3246 aaj0ard'hui,
1389 3187 1554 3231 me‘me
1585 3185 1636 3231 ἰὰ
1671 3185 1737 3232 o&
1773 3186 1812 3231 il
1855 3185 2156 3232 semblerait
2198 3183 2324 3246 qa’il
2347 3196 2398 3243 y
2435 3185 2522 3230 eat

481 3287 777 3346 mecompte.
815 3290 889 3334 La
935 3289 1116 3347 poesie
1159 3288 1417 3347 franceise
1458 3289 1529 3335 du
1573 3299 1686 3335 xixe
1724 3288 1881 3335 siecle
1907 3295 1958 3335 et
2002 3289 2127 3335 celle
2170 3288 2241 3335 du
2284 3299 2399 3335 xwe
2425 3296 2517 3336 ont

480 3394 733 3449 peut-etre
757 3405 821 3437 en
845 3392 956 3438 cela
976 3406 1045 3438 un
1083 3399 1300 3452 rapport
1324 3393 1389 3439 de
1421 3394 1539 3453 plus
1575 3407 1707 3454 pour
1738 3394 1791 3439 la
1815 3394 2050 3441 destinee
2085 3407 2097 3439 ε
2139 3375 2459 3454 l’esperance
2483 3409 2517 3454 y

481 3492 710 3551 domine3
738 3496 773 3541 il
797 3509 831 3554 y
856 3502 943 3542 eut
974 3496 1090 3556 plus
1116 3496 1182 3543 de
1220 3496 1379 3543 sseurs
1416 3511 1518 3557 que
1556 3498 1622 3544 de
1661 3498 1910 3544 moisson.
1938 3498 2016 3555 Et,
2054 3504 2168 3545 tout
2198 3498 2321 3545 bien
2354 3497 2521 3544 consi-

562 3790 615 3843 (2)
645 3790 739 3832 Vide
766 3791 940 3833 Portraits
967 3793 1281 3847 Contemporains,
1311 3794 1362 3847 11,
1388 3794 1481 3837 524.
