2762 4316
1171 295 1433 349 ...85-

359 447 530 504 Nunc
611 449 801 504 autem
880 446 1108 504 videtur
1203 467 1367 522 aequo
1467 448 1659 504 animo
1735 448 1882 506 ferre
1972 450 2111 506 vitia
2183 469 2311 525 quae

284 579 555 658 dicuntur
601 581 890 638 chevilles
937 579 998 635 in
1055 580 1315 638 versibus
1370 581 1640 638 dramatis
1694 581 1939 638 inveniri
1994 585 2069 652 et,
2114 586 2179 639 ut
2231 582 2312 639 ita

285 711 495 782 dicam,
557 711 912 769 clandestino
966 712 1165 769 scribit
1229 733 1241 770 ε

367 957 512 1005 Dans
534 957 612 1006 les
638 975 662 1004 α
679 957 1016 1006 Meditations
1043 975 1065 1002 ιι
1091 972 1160 1007 ou
1179 959 1311 1008 dans
1332 974 1362 1007 α
1375 959 1656 1022 l'Aoeagle.
1683 979 1706 1006 ιο

281 1196 450 1268 atque
493 1192 554 1248 in
610 1192 978 1251 adnotatione
1008 1215 1020 1252 :

364 1441 434 1489 Le
457 1442 642 1503 poema
665 1441 936 1491 d’Homere
956 1457 1056 1504 par
1079 1443 1255 1491 Andre
1281 1444 1503 1493 Chenier
1525 1445 1630 1507 (1).

351 1677 638 1749 Finxerat‚
734 1696 848 1752 quo
941 1677 1167 1734 facilius
1268 1678 1557 1735 doctrinas
1655 1698 1788 1735 suas
1883 1682 2299 1756 comprobaret,

275 1808 681 1884 Hispanienses
740 1813 1001 1866 auctores
1069 1809 1129 1864 in
1185 1809 1255 1866 iis
1312 1829 1453 1885 quas
1528 1810 1599 1866 ad
1657 1829 1886 1867 scenam
1941 1814 2301 1888 composuis—

274 1945 404 1999 sent
456 1942 686 2011 fabulis‚
734 1942 1013 1999 rationem
1064 1946 1276 1998 certam
1324 1946 1380 1998 et
1428 1943 1755 2017 concepisse
1796 1948 1851 2000 et
1889 1948 2114 2001 secutos
2155 1963 2299 2017 esse,

276 2092 407 2149 quae
441 2073 683 2131 feliciter
733 2074 1083 2148 objiceretur
1145 2078 1201 2130 et
1246 2074 1455 2131 rationi
1504 2079 1558 2132 et
1605 2075 1817 2149 regulis
1875 2076 1945 2132 ab
1993 2075 2299 2134 Aristotele

272 2206 520 2264 inventis
565 2226 577 2264 :

358 2485 549 2545 Quand
569 2485 852 2533 Cervantes
882 2492 934 2532 et
948 2485 1093 2546 Vega
1111 2484 1456 2531 franchissent
1479 2484 1544 2531 de
1565 2484 1712 2545 longs
1736 2482 2035 2530 intervalles
2056 2483 2300 2530 d’annees

270 2603 340 2636 ou
362 2589 428 2636 de
450 2602 602 2649 payS‚
626 2589 692 2635 ils
718 2595 808 2635 ont
830 2603 899 2635 un
921 2589 1015 2635 but
1038 2595 1089 2634 et
1110 2587 1279 2634 visent
1303 2589 1335 2632 ὸ,
1366 2587 1585 2647 quelque
1611 2588 1727 2634 effet
1751 2587 1915 2644 d'art;
1941 2600 2026 2633 ces
2052 2587 2302 2647 irregula-

268 2692 396 2739 rites
413 2698 726 2753 apparentes
766 2706 822 2738 se
850 2691 1141 2738 rattachent
1172 2690 1304 2736 dans
1332 2690 1442 2736 leur
1477 2691 1638 2749 esprit
1666 2693 1697 2735 a
1720 2705 1787 2736 un
1813 2691 2037 2749 systeme
2061 2690 2299 2750 tragique

269 2796 415 2842 aussi
440 2795 662 2855 complet
685 2802 736 2842 et
761 2795 906 2842 aussi
929 2795 1192 2854 imposant
1205 2807 1305 2854 que
1331 2794 1461 2840 celui
1478 2794 1571 2840 des
1586 2794 1764 2850 GrecS,
1786 2794 1907 2840 bien
1923 2806 2024 2854 que
2047 2791 2300 2838 differem-

271 2903 414 2946 ment
431 2898 686 2945 construit
707 2897 802 2958 (2).

343 3155 478 3227 Sed,
535 3173 687 3212 anno
740 3154 1044 3210 millesimo
1094 3153 1563 3228 octingentesimo
1618 3153 2051 3230 quadragesimo
2106 3153 2292 3225 tertio,

271 3307 400 3363 quae
447 3289 722 3346 audacius
770 3289 859 3345 his
902 3288 1092 3346 verbis
1139 3288 1535 3358 affirmaverat,
1589 3287 1786 3343 adimit
1838 3306 1849 3343 :

349 3690 407 3743 (1)
433 3689 530 3731 vide
552 3689 608 3738 G.
635 3687 740 3732 153
762 3694 802 3731 et
827 3689 959 3731 adnot.
985 3694 1023 3731 et
1038 3689 1095 3742 Σο,
1117 3689 1150 3738 Ι.
1174 3688 1277 3732 264
1292 3694 1331 3730 ct
1353 3689 1486 3731 adnot.

345 3783 401 3837 (2)
419 3783 514 3826 vide
536 3783 589 3836 Β,
611 3781 736 3827 307.
