2808 4412
1481 380 1548 389 -.
1581 351 1647 406 36
1680 379 1748 389 ..-

595 527 736 582 quas
813 507 1138 563 Malherbe
1211 504 1270 558 in
1334 506 1454 558 arte
1539 503 1903 560 versificandi
1974 503 2129 574 fecit,
2181 504 2423 560 minoris
2500 524 2627 562 esse

595 640 870 696 momenti
911 638 1075 712 ponit
1133 655 1305 710 quam
1363 640 1662 692 censuerat
1715 638 1996 705 Boileau,
2049 656 2082 691 a
2137 637 2374 694 classico
2432 639 2631 694 critico

592 771 650 824 in
707 770 817 824 hoc
874 768 1061 823 solum
1125 766 1362 822 dissidet
1418 767 1572 840 quod
1635 771 1804 841 negat
1845 767 2121 841 quasdam
2168 768 2345 835 factas
2401 786 2524 825 esse
2578 773 2634 826 et

593 902 745 975 quod
801 904 964 974 putat
1011 900 1209 955 inanes
1253 900 1430 956 fuisse
1477 919 1678 956 causas
1727 920 1830 957 cur
1878 900 2141 974 quaedam
2191 903 2331 974 (non
2387 920 2627 958 omnes:

590 1039 810 1090 tantum
853 1034 1012 1089 abest
1038 1033 1073 1108 1)
1126 1033 1288 1089 factae
1338 1033 1470 1090 sint.
1535 1035 1678 1090 Item
1722 1035 1791 1104 si,
1846 1034 1915 1091 de
1971 1034 2260 1091 vocalium
2317 1053 2629 1106 concursu,

587 1167 834 1242 quodam
882 1166 1054 1222 modo
1104 1170 1373 1223 extenuat
1426 1167 1580 1241 leges
1627 1168 1850 1223 strictas
1898 1167 1958 1222 in
2005 1170 2158 1224 Arte
2184 1171 2432 1238 poetica
2463 1167 2629 1237 lataS,

588 1305 882 1357 auctorem
950 1301 1057 1356 sibi
1105 1300 1334 1374 praefert
1389 1319 1505 1357 non
1556 1301 1861 1374 quemdam
1918 1320 1947 1357 e
2001 1302 2163 1358 novis
2230 1301 2629 1376 scriptorihm,

583 1435 680 1492 sed
777 1453 1001 1490 merum
1090 1434 1394 1490 classicum
1471 1437 1536 1490 ut
1613 1438 1701 1491 La
1785 1437 2093 1492 Fontaine
2158 1455 2168 1490 :
2252 1435 2396 1491 adde
2478 1435 2631 1509 quod

585 1573 878 1626 auctorem
970 1587 1352 1625 annumerare
1435 1568 1644 1625 licebat
1720 1569 1773 1624 ei
1847 1568 2133 1626 comicum
2217 1569 2482 1626 Molie’re
2553 1571 2633 1643 (et

580 1704 767 1777 reipsa
827 1702 1227 1758 annumeravit
1282 1703 1502 1777 postea)
1553 1703 1633 1776 (1)
1661 1721 1727 1758 ac
1776 1702 2020 1776 denique
2071 1703 2345 1759 obtestari
2403 1706 2629 1777 poterat

586 1835 656 1910 (si
710 1834 1005 1905 voluisset,
1085 1837 1183 1889 aut
1252 1833 1494 1890 fortasse
1551 1833 1598 1889 si
1648 1833 1759 1889 hoc
1791 1836 2048 1907 tempore
2104 1833 2267 1890 locus
2299 1833 2506 1890 fuisset
2559 1833 2629 1889 ab

580 1988 645 2025 eo
704 1970 900 2042 notus)
966 1967 1230 2024 criticum
1290 1970 1671 2025 Marmontel
1728 1968 1830 2042 (2),
1894 2002 1968 2010 -
2034 1987 2206 2043 quem
2271 1987 2410 2025 sane
2473 1968 2631 2026 haud

581 2102 896 2160 contendas
1002 2120 1135 2158 cum
1224 2100 1586 2176 ephemeride
1672 2104 1762 2158 La
1862 2104 2036 2159 Mus-e
2121 2106 2441 2174 franpaise
2533 2106 2633 2159 aut

583 2237 902 2293 romantico
984 2237 1290 2292 Cenaculo
1359 2212 1738 2291 consensisse.
1807 2235 1974 2303 Quod
2041 2239 2231 2292 autem
2297 2237 2498 2293 attinet
2558 2237 2630 2293 ad

580 2390 781 2428 versus
824 2370 977 2427 ultra
1022 2369 1232 2425 limites
1296 2387 1432 2425 suos
1494 2368 1761 2427 salientes
1826 2373 1926 2426 aut
1979 2371 2239 2427 vocalem
2302 2371 2535 2428 surdam
2597 2389 2631 2428 e

580 2506 923 2575 elidendam,
991 2504 1142 2561 sicut
1177 2504 1438 2561 Boileau
1491 2503 1632 2577 ipse,
1692 2506 1747 2559 et
1810 2503 1933 2559 sine
1984 2503 2117 2560 ullis
2173 2504 2625 2579 exceptionibus,

577 2641 732 2715 leges
782 2660 815 2695 a
874 2640 1201 2696 Malherbe
1262 2637 1404 2693 latas
1472 2636 1745 2711 suffragio
1817 2656 1922 2694 suo
2005 2638 2362 2713 comprobat,
2420 2638 2500 2695 ita
2564 2641 2629 2695 ut

580 2773 875 2830 sententiae
924 2772 1047 2847 ejus
1090 2771 1255 2828 valde
1303 2770 1651 2827 delectarent
1705 2789 1802 2826 eos
1858 2770 2067 2845 quibus
2119 2790 2285 2828 novae
2347 2771 2628 2828 romanti-

585 2925 786 2963 corum
847 2906 1124 2963 doctrinae
1178 2923 1351 2979 quam
1399 2904 1646 2960 maxime
1696 2903 2081 2978 displicerent.

657 3040 944 3108 Quattuor
1001 3039 1123 3113 jam
1178 3037 1474 3094 mensibus
1532 3035 1873 3112 interjectiS,
1931 3038 2382 3096 Sainte-Beuve
2436 3039 2498 3095 in
2521 3037 2625 3096 iis-

582 3173 710 3230 dem
800 3172 1078 3229 doctrinis
1104 3169 1115 3180 ’
1145 3170 1533 3246 permansisse
1593 3170 1841 3227 videtur.
1920 3171 2090 3240 Nam,
2181 3189 2338 3242 cum,
2422 3175 2624 3247 quarto

584 3306 805 3364 decimo
877 3306 968 3363 die
1043 3305 1258 3363 mensis
1337 3303 1635 3376 Quintilis,
1679 3305 1884 3362 seriem
1948 3323 2117 3361 orsus
2186 3308 2273 3362 est
2355 3305 2625 3363 undecim

686 3777 740 3827 (ι)
777 3775 870 3818 vido
895 3775 945 3829 s,
971 3776 1061 3827 189.
1085 3778 1137 3827 c,
1164 3777 1266 3820 149
1295 3783 1333 3819 οι
1355 3779 1411 3831 1„
1430 3779 1462 3832 1,
1487 3773 1604 3823 25¹7.

678 3872 734 3924 (ει)
757 3872 854 3915 thid.
