2762 4316
1123 300 1387 352 -41-

96 414 153 534 ”’ῗ’
241 449 411 507 simul
457 453 512 506 et
557 451 861 524 profanum
913 451 1122 526 vulgus
1174 453 1428 509 odissent
1474 455 1642 526 atque
1685 439 1948 512 arcerent
1999 459 2054 512 et
2100 455 2252 514 litte-

101 606 106 616 1
241 599 334 638 ras
383 581 595 657 patrias
642 582 1061 656 popularesque
1100 602 1159 640 se
1205 584 1623 641 instauraturos
1648 585 1886 643 ridicule
1919 588 2248 661 jactarent:

326 792 559 852 Qu’est-il
602 792 737 840 donc
778 793 1004 852 advenu,
1049 809 1151 855 que
1201 796 1434 845 devait-il
1487 799 1703 848 advenir
1754 801 1821 847 de
1885 806 2018 848 cette
2070 801 2261 863 langue

240 889 457 943 aavante
495 895 774 943 construite
817 910 906 943 sur
950 897 1003 944 la
1039 899 1226 959 langue
1279 902 1542 961 populaire
1567 906 1595 951 ‘2
1638 904 1712 950 La
1753 904 1941 964 langue
1986 905 2259 964 populaire

238 1011 272 1045 a
312 997 408 1044 fait
451 1012 521 1044 un
573 1012 691 1059 paS,
747 1005 799 1045 et
850 1005 964 1046 tout
1015 1000 1404 1064 l’echafaudage
1462 1004 1526 1051 de
1587 1007 1639 1052 la
1698 1006 1886 1066 langue
1944 1013 2165 1060 savante
2227 1021 2261 1054 a

237 1100 427 1148 croule.
468 1101 763 1148 L'accident
798 1103 926 1149 etait
964 1104 1204 1163 soudain,
1244 1113 1295 1153 et
1336 1122 1532 1154 comme
1579 1109 1625 1155 le
1670 1109 1886 1155 sublime
1929 1109 2255 1170 άέεαρροίηιέ

238 1203 418 1252 conche
470 1218 540 1252 aa
594 1211 892 1267 grotesque,
942 1222 1013 1253 un
1068 1209 1190 1270 long
1246 1210 1379 1258 eclat
1435 1211 1500 1258 de
1550 1213 1652 1260 rire
1693 1226 1727 1260 a
1770 1213 1934 1260 eclate
1983 1226 2182 1260 comme
2226 1215 2260 1260 ὁ,

63 1285 94 1322 ‘⁷
144 1328 146 1330 v
237 1320 338 1356 une
383 1307 534 1355 chute
579 1307 646 1356 de
687 1309 926 1356 treteaux
967 1311 1051 1370 (1).

314 1550 448 1624 Sed,
507 1551 555 1608 si
640 1551 831 1609 denuo
893 1554 1067 1610 verbo
1137 1555 1263 1630 ipso
1333 1577 1357 1612 ‹
1411 1563 1731 1630 yrotesque
1796 1578 1845 1629 »,
1906 1578 1939 1614 a
2002 1560 2260 1617 Boileau

239 1687 537 1760 usurpato,
597 1686 1048 1744 Sainte-Beuve
1103 1688 1302 1758 utitur,
1367 1691 1651 1746 neminem
1699 1691 1845 1765 fugit
1903 1691 2045 1748 illud
2110 1695 2260 1748 certe

237 1815 458 1892 reliquo
513 1835 774 1876 sermone
830 1821 1111 1876 attenuari
1151 1821 1488 1902 minuique..
1521 1823 1744 1879 Etenim
1791 1825 2258 1895 Sainte-Beuve‚

236 1951 541 2024 postquam
596 1948 666 2006 de
730 1950 820 2007 his
870 1952 1114 2027 inceptis
1179 1957 1293 2008 tam
1355 1954 1560 2010 acriter
1618 1954 2054 2024 existimaverat,
2107 1954 2265 2012 vide-

237 2084 334 2139 tur
402 2082 596 2140 nescio
664 2103 778 2158 quo
835 2103 1029 2141 amore
1103 2104 1238 2159 erga
1298 2086 1602 2161 scriptores
1675 2092 1903 2162 captum
1964 2106 2107 2159 esse,
2164 2090 2264 2163 qui

238 2213 364 2271 haec
413 2216 704 2291 suscipere
753 2217 878 2273 ausi
926 2221 1079 2274 sunt.
1127 2218 1427 2287 Laborem,
1472 2237 1640 2293 quem
1691 2220 1861 2275 ceteri
1897 2221 2262 2277 observantes

156 2345 166 2349 ’
237 2346 300 2404 in
382 2348 728 2405 cachinnum
811 2351 974 2407 effusi
1059 2355 1212 2422 sunt,
1292 2355 1480 2408 mente
1556 2352 1881 2426 aequissima
1956 2353 2262 2428 animoque

239 2478 459 2537 intento
514 2481 801 2556 expendit.
862 2483 1006 2540 Cum
1054 2483 1196 2558 ipse,
1240 2484 1375 2558 quid
1423 2484 1483 2540 in
1539 2485 1697 2559 poesi
1757 2489 1951 2560 posset
2011 2488 2258 2556 tentans,

239 2615 519 2687 quantum
566 2615 716 2672 inter
763 2616 1012 2690 cogitata
1059 2619 1114 2672 et
1168 2616 1366 2673 effecta
1430 2617 1728 2672 interesset
1775 2621 2038 2691 expertus
2090 2621 2256 2686 esset,

240 2763 371 2803 eum
415 2745 582 2821 juvat
627 2747 859 2805 illorum
913 2767 1164 2805 errorem
1226 2749 1480 2823 profiteri
1551 2768 1667 2804 non
1730 2750 2023 2824 vulgarem
2086 2750 2260 2807 fuisse

240 2881 406 2954 atque
479 2879 659 2937 amice
734 2881 1062 2938 renuntiare
1140 2900 1312 2956 quam
1388 2881 1630 2955 pulchra
1710 2882 1952 2938 fuissent
2031 2882 2263 2938 illorum

239 3010 664 3069 lucubrationes
717 3016 772 3070 et
832 3012 1028 3069 sedula
1088 3013 1277 3070 studia
1325 3017 1381 3070 et
1441 3017 1638 3069 sancta
1694 3031 1932 3087 poeseos
1984 3014 2264 3088 supersti-

239 3142 342 3216 tio,
395 3148 461 3201 ut
512 3145 850 3203 misereatur
880 3146 1262 3221 gingeniorum
1309 3146 1641 3203 sublimium
1690 3164 1821 3202 cum
1869 3146 2107 3203 adversa
2151 3146 2262 3202 lin-

241 3293 356 3349 gua
401 3276 877 3346 conflictantium,
925 3282 981 3334 et
1029 3277 1259 3334 illorum
1316 3278 1576 3334 cruciatu
1618 3297 1750 3335 cum
1796 3277 1910 3333 illis
1958 3278 2259 3334 afficiatur.

242 3406 603 3484 Quapropter
653 3427 888 3484 operam
952 3413 1125 3466 navat
1190 3413 1254 3465 ut
1319 3410 1550 3483 patefiat
1610 3409 1889 3484 quidquid
1949 3428 1978 3465 e
2048 3409 2262 3465 scholae

242 3539 426 3598 ruinis
476 3541 613 3598 boni
666 3545 857 3598 tamen
905 3541 1261 3609 successerit,
1319 3541 1494 3597 immo
1552 3545 1616 3597 ut
1660 3541 1827 3616 plane
1889 3545 2107 3598 certum
2164 3541 2264 3598 fiat

320 3788 376 3842 (1)
402 3788 497 3830 Vide
520 3789 580 3832 G.
611 3811 658 3821 —
686 3789 760 3837 Qui
782 3789 892 3831 locus
912 3802 991 3832 non
1015 3795 1185 3832 mutatus
1206 3795 1268 3830 on
1284 3800 1296 3831 ε
1315 3790 1356 3830 ct
1367 3789 1423 3838 1.,
1446 3790 1479 3841 1,
1506 3789 1677 3831 93-95.
