2762 4316
1057 311 1321 365 ..53-

178 459 256 517 sis
311 460 672 531 NovembriS,
738 460 796 516 in
874 461 1071 518 eadem
1141 463 1499 537 ephemeride
1562 466 1854 524 Remusat
1904 486 2030 540 quae
2088 468 2196 524 sibi

174 591 602 649 Sainte-Beuve
648 594 1042 667 proposuisset
1090 595 1179 651 his
1219 598 1408 653 verbis
1462 600 1775 672 patefecit:
1847 620 1870 655 α
1927 601 2078 658 C'est
2117 619 2193 657 en

174 726 470 790 sonyeant
504 724 543 780 a
581 742 689 780 son
729 727 930 797 siecle,
962 745 1076 797 que
1107 731 1191 784 M.
1225 736 1659 792 Sainte-Beuve
1699 750 1738 789 a
1784 737 2099 804 entrepris
2124 735 2198 790 de

174 853 388 908 visiter
442 857 526 912 les
578 860 795 914 ruines
842 860 926 915 du
972 862 1132 916 XVIe
1192 864 1248 916 Il
1303 879 1342 918 a
1385 866 1509 933 fait
1557 881 1788 921 comme
1850 882 1942 923 ces
1983 868 2198 936 publi—

176 986 350 1041 cistes
407 989 514 1056 qui
577 991 813 1046 atinent
881 992 920 1047 a
983 996 1315 1048 retrouver
1375 995 1529 1050 dans
1575 1013 1681 1052 nos
1730 1000 2011 1067 antiques
2060 999 2191 1066 loia,

174 1115 329 1173 dans
367 1135 474 1174 nos
519 1122 692 1177 codes
746 1122 998 1192 oublieS,
1058 1126 1140 1180 les
1185 1141 1426 1196 yermes
1489 1129 1562 1183 de
1609 1146 1716 1184 nos
1770 1132 2196 1186 constitutions

165 1251 519 1322 politiqueS.
557 1255 615 1309 Il
663 1271 703 1311 a
747 1258 936 1312 voulu
977 1260 1117 1313 voir
1168 1260 1243 1328 si,
1292 1262 1685 1317 maintenant
1730 1261 1879 1332 qu’il
1941 1266 2026 1318 est
2062 1266 2198 1319 tant

45 1405 49 1413 v
98 1395 109 1398 “
172 1386 448 1454 question
506 1386 581 1442 de
650 1391 1063 1445 reconstituer
1126 1392 1190 1446 la
1267 1391 1628 1449 litterature
1705 1398 1783 1463 et,
1843 1410 2074 1451 comme
2138 1397 2195 1451 le

168 1523 670 1588 youverne‘ment,
744 1521 818 1575 de
878 1522 942 1576 la
1001 1523 1234 1578 rendre
1283 1525 1444 1579 libre
1505 1528 1563 1580 et
1608 1528 1947 1594 nationale,
2014 1529 2063 1582 il
2117 1544 2194 1583 ne

170 1645 603 1708 deeouvrirait
665 1669 779 1722 pas
848 1654 1002 1710 dans
1062 1671 1151 1710 ses
1217 1658 1491 1727 oriyines
1559 1658 1660 1712 des
1724 1661 1900 1714 titi-es
1981 1664 2040 1715 et
2092 1661 2194 1715 des

169 1781 516 1840 autoritea:
575 1801 746 1854 pour
809 1787 903 1842 lui
948 1789 1174 1858 frayer
1239 1805 1361 1844 une
1407 1790 1688 1845 nouvelle
1770 1794 1969 1860 route,
2014 1793 2063 1846 il
2112 1793 2194 1848 l'a

168 1915 463 1973 raniene'e
515 1917 555 1974 a
600 1934 709 1974 son
748 1922 931 1989 point
985 1921 1060 1976 de
1106 1920 1330 1991 de'part
1374 1940 1422 1978 ιι.

189 2047 395 2117 >Quid
474 2049 662 2124 reipsa
750 2057 1176 2112 Sainle·Beuve
1263 2053 1323 2108 in
1401 2053 1590 2110 animo
1680 2054 1946 2111 habuerit
2020 2056 2187 2130 plane

169 2198 505 2256 cognoscas,
564 2182 611 2237 si
661 2201 958 2240 recenseas
1003 2185 1140 2259 quid
1180 2185 1238 2240 in
1287 2185 1395 2242 hac
1457 2185 1702 2242 editione
1743 2188 2068 2244 mutaverit.

242 2299 501 2356 Primum
572 2301 745 2372 enim,
791 2301 851 2356 in
910 2302 1141 2358 exordio
1194 2303 1339 2359 nihil
1391 2303 1511 2377 jam
1574 2304 1830 2378 queritur
1878 2305 1946 2360 de
2008 2305 2186 2362 inter-

172 2430 354 2506 ruptis
426 2430 617 2507 inepte
696 2433 984 2489 veteribus
1049 2433 1280 2491 Gallicis
1352 2434 1576 2505 litteris,
1650 2454 1780 2491 cum
1857 2440 2059 2511 sponte
2131 2442 2186 2494 et

168 2561 374 2620 leniter
423 2568 761 2622 crescerent.
813 2566 960 2621 Nam
1012 2584 1144 2622 cum
1207 2572 1635 2628 Sainte-Beuve
1690 2572 1989 2643 poetarum
2049 2588 2186 2626 cau-

167 2714 291 2753 sam
345 2696 706 2772 suscepisset,
772 2697 869 2771 qui
928 2697 1093 2753 novis
1160 2697 1329 2754 rebus
1399 2698 1653 2756 faverent
1713 2703 1768 2755 et
1824 2719 1940 2757 non
1994 2701 2184 2757 minus

168 2827 405 2904 abrupte
463 2847 530 2885 ac
590 2831 923 2886 Pleiadum
1008 2833 1189 2904 poetae
1245 2830 1437 2886 omnia
1520 2849 1587 2887 ex
1664 2832 1897 2906 antiquo
1955 2852 2183 2890 movere

166 2964 536 3033 conarentur,
600 2961 1026 3018 adnotationem
1077 2981 1241 3018 suam
1288 2964 1398 3035 (La
1434 2963 1596 3020 serie
1651 2965 1963 3022 d'articles
2002 2966 2181 3037 qu'on

162 3109 225 3150 se
266 3094 622 3171 propose...)
696 3094 994 3151 delendam
1057 3096 1321 3170 opinatus
1388 3098 1492 3165 est,
1555 3099 1619 3151 ut
1684 3095 1979 3152 tolleretur
2031 3097 2183 3153 vitu-

164 3225 382 3300 peratio
451 3226 511 3282 in
606 3226 714 3283 hac
791 3226 1156 3283 adnotatione
1257 3227 1496 3284 inclusa.
1556 3205 1795 3283 'Delevit
1870 3228 2041 3283 etiam
2129 3232 2185 3286 et

165 3356 442 3432 quidquid
494 3377 524 3414 e
587 3359 849 3415 versibus
914 3378 946 3414 a
994 3366 1244 3419 Boileau
1301 3359 1633 3433 compositis
1693 3363 2065 3433 excerpserat,
2124 3364 2180 3416 et

169 3488 447 3564 quidquid
509 3494 607 3547 aut
666 3490 997 3547 laudaverat
1059 3494 1157 3546 aut
1218 3489 1425 3564 saepius
1474 3490 1932 3564 reprehenderat,
1985 3495 2180 3547 aucto-

164 3619 329 3678 ritate
392 3621 517 3697 ejus
570 3623 808 3698 prolata.
880 3623 1046 3680 Locis
1108 3622 1451 3697 quibusdam
1510 3622 1579 3678 de
1622 3622 1836 3697 linguae
1886 3626 1941 3680 et
1965 3623 2181 3681 littera-

169 3769 299 3809 rum
361 3753 599 3812 historia
646 3774 801 3813 nunc
868 3755 989 3830 jam
1052 3754 1344 3811 exorditur
1396 3754 1558 3826 liber,
1620 3755 1776 3811 omni
1837 3755 2030 3813 favore
2086 3760 2185 3814 aut
