2808 4412
167 2175 447 2228 Quoties
487 2175 917 2229 SAmm-Bssnvn
939 2182 1013 2244 (1)
1038 2181 1294 2234 librum
1330 2184 1444 2247 qui
1480 2184 1886 2238 inscribitur
1916 2186 2182 2239 TABLEAU

227 2302 536 2364 ediderit,
576 2308 646 2357 et
680 2306 933 2371 quihus
967 2307 1049 2359 de
1086 2309 1318 2361 causis
1352 2310 1519 2361 utile
1565 2312 1656 2362 sit
1695 2313 1928 2365 varias
1974 2314 2185 2379 hujus

228 2430 457 2494 operis
491 2430 820 2484 lectiones
856 2447 1236 2487 recensere.

240 2715 407 2787 Cum,
458 2720 622 2774 aetate
653 2718 774 2792 jam
813 2723 1101 2793 provecta,
1139 2720 1195 2774 in
1248 2721 1492 2776 rationes
1534 2721 1601 2776 de
1627 2721 1854 2794 scriptis
1879 2721 1996 2776 suis
2020 2723 2182 2795 quasi

162 2850 502 2905 testamento
543 2868 716 2923 quam
769 2850 1201 2925 diligentissime
1241 2852 1662 2925 componendas
1700 2853 2036 2908 incumbens
2081 2853 2179 2927 (2),

168 2983 337 3054 atque
370 2999 543 3056 opera
568 3002 672 3040 sua
694 2983 1017 3057 perpoliens
1043 2988 1106 3039 ut
1136 2984 1401 3040 omnibus
1429 2985 1680 3040 numeris
1707 2984 1966 3040 absoluta
1995 2988 2183 3058 poste-

167 3113 246 3169 ris
270 3114 539 3186 traderet,
556 3115 798 3172 eximius
821 3116 1138 3173 litterarum
1154 3117 1524 3190 investigator
1537 3118 1986 3173 Sainte-Beuve
2010 3116 2184 3173 libros

243 3408 300 3460 (1)
323 3408 421 3450 Cum
442 3416 577 3450 essent
603 3410 697 3451 mihi
734 3410 890 3462 antiqua
921 3411 1047 3462 lingua
1073 3422 1137 3451 res
1160 3410 1396 3450 recentiores
1418 3410 1641 3457 tractandae,
1671 3410 1791 3450 metui
1808 3421 1856 3450 ne
1873 3410 2044 3458 nomina,
2067 3415 2108 3449 ut
2132 3410 2185 3450 ita

171 3481 297 3523 dicam
323 3482 442 3522 latina
470 3489 577 3523 veste
601 3484 807 3531 occullata,
827 3484 972 3535 aliquid
1000 3484 1247 3524 obscuritatis
1265 3485 1459 3523 afferrent.
1483 3484 1575 3530 Quae
1592 3484 1707 3531 igitur
1726 3483 1853 3523 omnia
1870 3483 2021 3523 decrevi
2040 3483 2184 3523 intacta

174 3554 348 3596 adhiberi
373 3562 409 3596 et
437 3556 571 3596 haberi
597 3562 793 3609 tamquam
821 3559 1005 3598 voeabula
1035 3558 1189 3598 casibus
1225 3558 1407 3605 carentia,
1437 3557 1623 3607 adJectivo
1651 3563 1716 3597 aut
1745 3557 1923 3608 apposito
1943 3558 2123 3608 quodam,
2150 3556 2186 3596 si

168 3629 322 3680 quando
352 3642 454 3681 opus
479 3637 598 3676 esset.
619 3631 805 3672 claritatis
826 3644 943 3672 causa
960 3632 1172 3683 usurpatis.

247 3726 303 3777 (2)
341 3727 434 3767 Vide
463 3727 643 3769 Portraits
669 3729 979 3781 Contemporains‚
1011 3728 1040 3773 1.
1065 3727 1099 3768 3
1125 3739 1134 3767 z
1166 3740 1188 3765 «
1215 3726 1255 3766 Je
1282 3728 1451 3767 continue
1480 3726 1522 3766 de
1549 3730 1676 3765 mettre
1703 3727 1807 3766 ordre
1831 3726 1875 3766 de
1905 3737 1990 3765 mon
2018 3737 2144 3765 mteux
2164 3727 2188 3764 ἀ

165 3809 206 3838 ce
243 3811 313 3851 que
346 3800 523 3854 sappeue
545 3814 622 3843 mes
640 3804 791 3855 affaire:
815 3803 1010 3844 litteraires
1032 3815 1070 3842 ».

1850 3910 1873 3943 1
