2762 4316
1362 287 1427 296 ...
1461 234 1528 312 80
1562 287 1627 296 ...-

477 412 779 482 extulerat,
845 430 949 467 nec
1007 415 1201 466 censet
1243 429 1302 467 se
1358 411 1641 468 erravisse
1701 431 1833 469 cum
1879 415 2088 471 veteris
2137 419 2321 490 poetae
2372 417 2516 474 infa-

478 544 653 600 miam
719 544 908 600 levare
975 548 1216 600 conatus
1284 548 1453 616 esset,
1521 547 1782 619 quamvis
1842 546 2055 603 delusae
2117 553 2308 604 essent
2373 569 2514 623 quas

480 678 833 751 concepisset
893 695 1040 751 spes,
1118 678 1361 751 Insuper
1431 678 1807 752 pervicaciter
1873 679 2160 737 existimat
2217 681 2514 739 classicam

480 808 708 863 dicendi
764 809 1010 864 formam
1081 828 1208 866 eam
1262 811 1439 867 fuisse
1517 831 1646 886 quae
1725 800 1976 887 legitime
2048 813 2384 871 dilataretur
2460 819 2515 872 et

475 942 706 998 liberior
755 942 936 1014 fieret,
975 946 1143 1016 atque
1182 943 1334 1017 jure,
1372 945 1634 1018 quamvis
1683 944 2006 1015 infeliciter,
2049 949 2339 1004 Ronsard
2393 947 2515 1004 eni-

475 1093 602 1130 sum
666 1093 788 1130 esse
843 1079 908 1131 ut
953 1075 1216 1132 versibus
1272 1078 1565 1151 propriam
1616 1078 1876 1154 linguam
1911 1081 2287 1155 propriasque
2342 1100 2514 1139 voces

478 1208 659 1277 daret,
752 1208 961 1282 quibus
1040 1228 1072 1264 a
1128 1210 1320 1266 soluta
1397 1211 1655 1268 oratione
1741 1212 2223 1285 discernerentur,
2292 1233 2518 1272 necnon

481 1344 873 1415 opportunum
951 1361 1108 1398 nunc
1168 1361 1398 1417 quoque
1461 1344 1645 1400 videri
1702 1334 1918 1419 aliquid
1976 1348 2125 1403 inter
2182 1348 2404 1422 poesim
2461 1353 2516 1405 et

477 1492 801 1531 sermonem
859 1493 1228 1532 communem
1295 1476 1590 1533 interesse.
1645 1478 1790 1534 Cum
1862 1479 1935 1535 sit
1995 1480 2215 1555 integer
2284 1481 2515 1538 histori-

475 1626 576 1664 cus
663 1611 717 1663 et
796 1626 929 1664 cum
1000 1609 1260 1683 epistulae
1339 1613 1539 1666 auctor
1615 1611 1688 1666 sit
1745 1611 1839 1668 cui
1907 1613 2110 1670 titulus
2186 1599 2412 1685 Epitre
2477 1617 2516 1674 ὰ

471 1745 557 1799 Μ.
623 1744 979 1823 Villemain,
1040 1742 1100 1797 in
1162 1743 1333 1799 rebus
1393 1744 1463 1800 ad
1514 1745 1817 1801 historiam
1871 1746 2058 1821 ipsam
2123 1766 2362 1823 operum
2418 1753 2517 1806 aut

482 1876 769 1933 scribendi
819 1877 1082 1951 quaedam
1130 1881 1414 1952 praecepta
1461 1878 1903 1953 pertinentibUS‚
1954 1882 2289 1938 romanticis
2344 1883 2515 1940 etiam

473 2011 851 2086 scriptoribus
919 2011 1249 2068 assentitur.

548 2144 718 2212 Quod
769 2147 959 2201 autem
1003 2144 1072 2200 ad
1138 2143 1359 2219 reliqua
1406 2145 1628 2214 attinet,
1681 2146 1939 2221 expedite
1987 2151 2042 2205 et
2095 2167 2260 2223 aequo
2318 2150 2512 2207 animo

476 2278 687 2335 deserit
735 2282 791 2335 et
853 2277 1111 2334 scholam
1181 2277 1476 2351 quondam
1532 2279 1893 2336 decantatam
1956 2285 2012 2338 et
2064 2287 2261 2358 poetas
2315 2283 2515 2341 lauda-

472 2414 583 2468 tos.
637 2411 879 2469 Gratum
937 2411 1075 2467 olim
1122 2411 1172 2467 ei
1200 2412 1385 2468 fuerat
1431 2430 1635 2486 poema
1684 2433 1716 2469 a
1778 2418 1987 2473 Victor
2040 2419 2222 2489 Huyo
2281 2435 2514 2492 compo—

474 2545 648 2601 situm
714 2563 1053 2615 memorare,
1099 2544 1252 2618 quod
1302 2545 1528 2602 dicebat
1592 2565 1602 2602 :
1663 2566 1687 2602 <a
1741 2550 1804 2604 la
1851 2550 2221 2608 charmante
2269 2553 2515 2608 ballade

477 2680 551 2735 de
589 2681 810 2751 Trilby
855 2697 915 2748 »3
973 2697 1130 2735 nunc
1184 2678 1624 2736 admirationem
1662 2681 1947 2756 deposuit.
1985 2683 2072 2739 Ac
2105 2683 2152 2739 si
2192 2683 2390 2740 multis
2443 2683 2512 2741 de

483 2812 690 2883 causiS,
728 2830 880 2867 anno
936 2811 1242 2868 millesimo
1299 2812 1773 2887 octingentesimo
1831 2815 2273 2890 quadragesimo
2321 2816 2509 2887 tertiO,

479 2944 677 3001 laudes
734 2944 984 3001 adimere
1044 2964 1161 3001 non
1217 2945 1407 3017 audet,
1453 2946 1576 3020 jam
1646 2948 1902 3021 profecto
1966 2947 2065 3004 illa
2120 2949 2332 3024 cogitat
2385 2968 2512 3024 quae

475 3078 694 3134 ultimae
751 3080 977 3135 tantum
1022 3077 1259 3135 editioni
1307 3079 1556 3136 inserere
1605 3079 1877 3137 audebit:

560 3323 599 3369 11
651 3323 735 3383 n'y
777 3338 810 3370 a
833 3337 932 3384 pas
980 3324 1147 3384 grand
1190 3338 1311 3371 sens
1355 3324 1488 3371 dans
1531 3331 1672 3372 toute
1716 3332 1851 3373 cette
1885 3327 2112 3385 ballade,
2137 3342 2236 3388 pas
2267 3329 2385 3390 plus
2410 3345 2511 3393 que

471 3425 609 3472 dans
655 3433 769 3473 tout
798 3426 846 3474 16
887 3427 1017 3475 livre
1054 3427 1119 3475 de
1161 3428 1355 3475 Nodier
1366 3442 1382 3488 3
1419 3429 1554 3475 mais
1594 3428 1719 3476 c’est
1764 3430 1922 3491 le'ger,
1947 3431 2218 3479 bruissant
2259 3440 2312 3481 et
2359 3435 2512 3483 chan-

475 3536 589 3577 tant
606 3531 695 3592 (1).

580 3767 636 3819 (1)
661 3767 754 3808 Vide
782 3768 839 3819 1..,
866 3768 898 3815 1,
924 3768 1044 3817 103,
1070 3768 1204 3810 adnot.

2747 3408 2762 3820 ·u=:u—abi.-.ma=⁴——v.ffl
2753 3378 2762 3390 a
2757 3354 2762 3363 .
2756 3323 2762 3342 ι..
2755 3306 2762 3311 ι
2756 3219 2762 3261 μ...
2756 3166 2762 3195 η,
2760 3101 2762 3106 .
2758 3067 2762 3085 ,Α

2747 3935 2762 3965 ,α’
2754 3918 2762 3924 :
2749 3828 2762 3906 ias—a·
