2762 4316
1371 317 1436 325 ..-
1469 288 1536 341 40
1568 313 1636 326 .-

488 445 726 502 forsitan
789 447 973 518 puteS,
1039 442 1241 498 mediis
1304 442 1394 498 his
1442 442 1664 512 diebuS‚
1736 443 2179 501 Sainte-Beuve
2246 446 2517 520 aliquan-

488 577 675 634 tulum
716 575 1056 631 sententiam
1110 574 1425 630 mutavisse
1477 578 1532 630 et
1583 575 1705 650 jam
1767 576 1837 632 ad
1898 577 2128 632 mitiora
2185 577 2514 636 inclinasse.

561 710 690 765 Non
734 711 923 763 tamen
963 706 1241 763 doctrinis
1277 707 1446 782 plane
1507 708 1925 766 assentiebatur
1973 728 2117 784 quas
2158 712 2244 766 du
2274 711 2516 785 Bellay,

487 844 546 898 in
607 841 820 911 libelle,
885 840 983 914 qui
1023 841 1267 913 Defense
1329 845 1382 898 et
1426 843 1797 900 Illustration
1845 843 1915 899 de
1975 844 2034 899 la
2081 844 2292 917 lemque
2344 844 2522 919 fran—

489 978 638 1044 caise
727 974 1039 1049 inscriptus
1117 977 1221 1044 est,
1316 979 1676 1049 exposuerat.
1761 975 2007 1042 Multum
2086 976 2258 1033 etiam
2339 978 2519 1036 abest.

490 1108 712 1164 Etenim
778 1108 978 1182 juveni
1055 1112 1111 1164 et
1171 1108 1523 1183 imprudenti
1596 1113 1779 1184 poetae
1842 1110 2072 1195 crimini
2130 1111 2305 1167 vertit
2373 1111 2525 1185 quod

488 1242 714 1298 incaute
758 1246 1044 1316 poemata,
1094 1244 1426 1300 rondeauoe
1467 1246 1522 1298 et
1570 1245 1863 1313 banacim,
1915 1243 2249 1300 innocentia
2294 1244 2527 1319 quidem

489 1375 747 1450 quamvis
815 1375 1053 1450 paulum
1133 1376 1410 1447 obsoleta,
1492 1395 1642 1452 aegre
1718 1377 1964 1447 tulerit;
2023 1379 2178 1452 quod
2245 1379 2527 1454 epigram-

490 1513 643 1564 mata
706 1509 1011 1584 elegosque
1072 1513 1284 1567 Marot
1353 1511 1534 1566 nostri
1594 1511 2021 1586 contempserit,
2089 1513 2227 1569 dum
2298 1513 2529 1588 eclogas

490 1643 632 1717 ejuS,
685 1643 907 1718 frigidis
957 1644 1429 1701 similitudinibus
1470 1645 1819 1719 inquinataS,
1857 1645 2254 1721 intempestive
2286 1647 2525 1716 laudet;

491 1778 644 1851 quod
699 1778 984 1834 mirabilia
1040 1779 1304 1853 quaedam
1351 1779 1500 1835 effici
1555 1798 1894 1854 persuasum
1960 1781 2246 1852 habuerit,
2298 1781 2531 1838 nomine

499 1931 522 1966 α
585 1912 954 1983 coq-ct-Z'ctne
1014 1931 1038 1967 »
1112 1912 1171 1968 in
1250 1930 1462 1969 nomen
1530 1933 1554 1968 ‹<
1614 1913 1789 1969 satira
1856 1932 1880 1968 »
1948 1932 2229 1971 converso
2284 1933 2295 1983 ;
2378 1915 2534 1990 quod

491 2050 707 2103 veteres
794 2047 1108 2103 cantilenas
1199 2051 1427 2104 nostras
1521 2047 1885 2123 prohibuerit
1930 2066 1947 2131 3-
2039 2047 2193 2122 quod
2287 2048 2534 2123 denique

495 2200 611 2238 non
662 2181 1005 2238 intellexerit
1053 2182 1337 2240 Gallicum
1383 2155 1644 2252 mimum,
1697 2182 1816 2238 sive
1863 2202 1886 2238 «
1921 2186 2101 2254 farae
2136 2202 2188 2255 >›,
2225 2182 2533 2258 aliquando

494 2334 687 2371 veram
758 2317 1153 2392 sinceramque
1217 2316 1560 2373 comoediam
1631 2335 1802 2385 esse;
1866 2320 2036 2391 atque
2102 2317 2181 2372 ita
2234 2322 2467 2392 perorat
2516 2337 2528 2374 z

582 2721 651 2780 A!
674 2727 787 2766 tout
832 2719 1073 2781 prendre,
1100 2722 1152 2767 la
1205 2720 1427 2767 reformo
1477 2720 1772 2780 proclamce
1822 2734 1919 2780 par
1968 2720 2042 2767 du
2092 2721 2274 2781 Bellay
2336 2734 2536 2768 comme

494 2838 595 2871 une
637 2825 946 2872 decouverte
989 2825 1054 2872 de
1097 2826 1150 2871 la
1192 2825 1358 2882 veille,
1397 2838 1454 2871 se
1488 2824 1744 2871 reduisait
1786 2826 1819 2870 a
1866 2824 2004 2871 deux
2037 2831 2203 2886 parts,
2241 2825 2367 2872 dont
2404 2825 2538 2873 l'une

493 2930 625 2975 n'est
663 2944 761 2990 pas
810 2931 956 2976 aussi
997 2943 1180 2987 neuve,
1226 2930 1280 2975 ni
1326 2930 1510 2976 l’autre
1557 2929 1704 2975 aussi
1743 2929 2034 2989 praticable
2077 2930 2201 2991 qu'il
2240 2931 2288 2977 le
2335 2930 2537 2990 preten-

498 3032 625 3078 dait.

576 3391 813 3461 Deinde,
874 3410 1002 3447 cum
1073 3391 1142 3447 de
1206 3391 1390 3466 poetis
1468 3392 1678 3448 horum
1747 3395 2072 3466 temporum
2146 3391 2432 3465 promissa
2507 3409 2540 3445 a

502 3528 586 3581 du
616 3527 833 3597 Bellay
873 3524 1107 3600 implere
1148 3525 1492 3582 conantibus
1528 3525 1756 3582 locutus
1798 3530 1900 3597 est,
1939 3545 2055 3582 non
2101 3524 2293 3581 minus
2336 3523 2541 3581 acerbe

503 3659 746 3731 scripsit.
816 3659 962 3714 Nam
1041 3658 1169 3714 illos
1243 3659 1471 3715 incusat
1538 3660 1692 3734 quod
1754 3660 2030 3735 linguam,
2083 3663 2148 3716 ut
2200 3659 2279 3715 ita
2350 3658 2539 3715 dicam

498 3810 669 3847 manu
735 3792 964 3861 factam,
1038 3791 1316 3847 fabricare
1378 3792 1521 3848 enisi
1603 3793 1738 3863 sint,
1805 3793 2110 3867 illuditque
2180 3791 2309 3848 illos
2383 3789 2539 3865 quod
