2808 4412
1071 303 1331 357 ..25-

191 455 442 536 quidem,
499 455 654 512 haud
687 455 878 511 minus
904 459 1115 512 sanctae
1163 466 1332 530 quam
1394 471 1573 532 ἄγραφοι
1618 469 1734 532 νόμοι
1781 456 1864 512 illi
1920 474 1952 511 a
2009 456 2207 513 Graeco

189 589 317 641 vate
353 585 639 655 celebrati,
699 585 1034 641 auctoritate
1083 605 1187 642 sua
1231 606 1296 642 ac
1350 587 1876 662 propriavigerent
1917 604 1928 641 :
1980 604 2211 641 normas

192 717 410 775 scilicet
487 717 781 791 loquendi,
862 717 1089 792 regulas
1180 738 1416 793 operum
1473 720 1918 794 judicandorum
1980 737 2203 775 necnon

190 850 429 906 rationis
484 849 753 906 humanae
800 853 1106 924 praecepta.

263 982 626 1056 Quapropter
682 981 918 1038 subtiles
966 982 1191 1056 judices
1239 984 1427 1040 verbis
1484 983 1727 1040 insolitis
1770 960 2203 1041 offendebantur

191 1113 399 1188 quibus
458 1113 769 1187 aliquando*
837 1114 1145 1170 utebantur
1192 1115 1329 1171 novi
1385 1117 1689 1190 scriptores
1733 1120 1831 1172 aut
1880 1116 2210 1172 durioribus

187 1245 737 1320 transgressionibus
796 1250 893 1302 aut
969 1247 1137 1302 etiam
1198 1247 1576 1304 insolentibus
1644 1249 1948 1304 structuris
1999 1263 2011 1313 ;
2101 1266 2207 1304 nec

191 1378 385 1435 minus
467 1378 901 1435 offendebantur
984 1379 1384 1436 audacioribus
1472 1381 1669 1454 figuris
1745 1381 2207 1454 ornamentisque

191 1510 406 1587 putidis
462 1511 671 1584 quibus
736 1512 819 1587 (ut
864 1512 1307 1587 arbitrabantur>
1369 1528 1569 1589 vam-2200»,
1635 1514 1845 1588 scripta
1909 1513 2212 1570 dedecora-

192 1643 431 1708 bantur;
485 1642 593 1698 hoc
639 1642 880 1716 denique
933 1644 1248 1716 praesertim
1305 1644 1736 1700 offendebantur
1791 1645 1943 1718 quod
1992 1644 2210 1718 opinio-

194 1760 365 1816 nibus
474 1759 646 1815 iidem
777 1759 1168 1816 imbuerentur
1267 1761 1508 1835 mystica
1610 1761 1855 1835 quadam
1967 1761 2215 1818 amentia

197 1891 500 1967 corruptiS,
561 1910 666 1948 nec
714 1892 996 1948 abstinere
1051 1896 1313 1966 poterant
1357 1892 1494 1966 quin
1535 1893 1593 1948 in
1657 1893 1972 1949 cachinnos
2031 1893 2216 1949 effun-

197 2025 466 2082 derentur
582 2024 1051 2098 quotiescumque
1174 2025 1526 2099 perlegerent
1623 1993 1732 2080 ista
1845 2025 2212 2082 delirantium

197 2157 438 2215 somnia.
491 2157 655 2214 Unde
710 2158 925 2213 factum
989 2162 1073 2213 est
1140 2163 1203 2214 ut
1250 2177 1365 2213 non
1412 2158 1602 2213 minus
1657 2161 1988 2232 respuerent
2036 2176 2216 2214 novos

197 2289 375 2346 nimia
413 2289 686 2347 audentes
727 2308 896 2363 quam
945 2291 1150 2345 veteris
1191 2291 1324 2346 artis
1354 2292 1602 2346 fautores
1644 2291 1883 2345 nimium
1924 2290 2208 2347 timentes,

195 2422 403 2496 Atque,
451 2422 658 2478 auditis
730 2423 927 2496 primis
977 2422 1330 2478 orationibus
1380 2443 1413 2478 a
1470 2423 1695 2479 rhetore
1760 2426 2091 2480 Villemain
2153 2423 2213 2478 in

195 2554 462 2611 facultate
510 2555 816 2611 Parisiensi
863 2555 1119 2629 prolatiS‚
1178 2554 1334 2611 nulla
1374 2555 1482 2610 alia
1540 2574 1711 2611 causa
1774 2556 1833 2610 in
1908 2556 2214 2611 maximam

196 2706 354 2763 spem
408 2687 638 2744 adducti
688 2691 821 2743 sunt
869 2706 1039 2761 quam
1096 2687 1247 2761 quod
1307 2693 1597 2761 sperarent
1657 2687 1818 2743 illum
1868 2687 1976 2743 sibi
2037 2686 2217 2742 maxi-

199 2839 358 2878 mum
409 2820 728 2896 adjutorem
790 2821 929 2890 fore,
990 2820 1060 2875 ad
1126 2824 1430 2893 utrumque
1492 2819 1810 2893 periculum
1868 2819 2219 2894 propulsan-

201 2954 340 3011 dum
369 2954 466 3029 (1).

214 3131 221 3148 x
276 3087 420 3144 Cum
474 3086 599 3143 haec
654 3089 991 3160 argumenta
1038 3105 1066 3141 e
1114 3084 1313 3140 litteris
1370 3087 1813 3153 assumerentur,
1874 3083 1920 3138 si
1990 3084 2224 3158 insuper

278 3343 332 3397 (1)
357 3343 452 3385 vide
477 3343 524 3383 Le
552 3343 675 3391 Globe,
700 3343 748 3383 27
774 3355 862 3383 nov.
888 3341 1001 3384 1826.
1042 3342 1151 3382 Cours
1172 3341 1215 3381 de
1239 3341 1292 3381 M.
1329 3340 1522 3381 Villemain
1544 3353 1556 3379 .·
1575 3353 1595 3379 «
1618 3340 1691 3380 Ναὶ
1718 3351 1764 3379 ne
1791 3346 1878 3391 peut
1902 3340 2028 3380 mieuoe
2055 3352 2124 3391 que
2154 3340 2224 3389 lui,

199 3429 270 3471 par
292 3429 347 3457 ses
365 3418 482 3469 leporis
508 3429 646 3457 comme
666 3429 733 3469 par
759 3429 814 3456 ses
841 3417 1037 3468 exemptas,
1060 3415 1233 3465 desendre
1254 3420 1355 3454 notre
1375 3415 1582 3454 litterature
1608 3415 1651 3453 de
1671 3414 1767 3453 deux
1789 3415 1914 3464 βόακα)
1944 3415 2009 3465 qui
2035 3413 2225 3465 l’affliyenl

197 3491 375 3532 enmce‘me
399 3495 513 3543 temps
539 3503 552 3530 .·
575 3491 619 3531 de
648 3490 787 3542 l'esprit
815 3490 858 3529 de
886 3491 1043 3540 romine,
1070 3490 1182 3540 esprit
1209 3490 1472 3539 superstitieux
1498 3492 1533 3526 et
1558 3487 1683 3527 timide
1732 3489 1797 3538 qui
1828 3487 1994 3526 voudrait
2018 3499 2110 3526 nous
2140 3499 2226 3529 con-

199 3565 355 3606 damner
379 3566 401 3604 ἀ
431 3565 689 3612 Ρίνηηιοὺίὶίιέ,
711 3569 746 3603 et
773 3563 816 3603 de
838 3569 929 3603 celte
974 3563 1167 3602 indiscrete
1207 3563 1328 3601 martie
1354 3561 1557 3611 d’innover,
1606 3561 1670 3611 qui
1696 3561 1766 3609 fait
1802 3560 1972 3610 reyarder
1998 3562 2020 3599 ἀ
2054 3561 2228 3612 quelques

205 3640 383 3680 ecrivains
411 3638 444 3678 le
465 3638 533 3677 bon
553 3650 636 3677 sens
657 3649 795 3677 comme
817 3649 888 3676 une
913 3637 1017 3676 mode
1036 3639 1230 3681 surannee,
1256 3635 1291 3674 la
1309 3636 1502 3686 propriae,
1525 3635 1558 3673 La
1586 3634 1781 3672 correction
1796 3638 1829 3672 et
1845 3632 1883 3672 la
1905 3637 2032 3684 purete
2058 3633 2107 3673 du
2130 3634 2228 3684 style

118 3752 126 3760 ,
205 3723 344 3752 comme
366 3711 428 3751 des
450 3715 659 3750 ornemems
685 3712 935 3763 superflua...
965 3710 1029 3761 qui
1053 3709 1133 3749 leur
1169 3709 1240 3758 fait
1261 3708 1420 3759 prendre
1445 3708 1541 3757 enfin
1559 3717 1651 3757 pour
1674 3718 1725 3745 un
1747 3707 2092 3758 perfectionnevnent
2120 3706 2228 3757 dique

205 3786 318 3826 d‘elre
339 3785 515 3838 applaudi
547 3784 583 3825 la
605 3785 801 3825 bizarrerie
824 3784 885 3824 des
913 3784 1006 3823 idees
1034 3787 1068 3823 et
1096 3783 1131 3823 la
1157 3782 1321 3823 barbarie
1336 3781 1386 3822 du
1403 3781 1554 3831 lanyaye
1574 3793 1610 3820 ».
