2762 4316
1121 287 1386 339 -77—

241 435 384 493 dere,
406 450 473 482 on
495 436 581 483 n‘a
610 450 709 497 pas
753 451 936 484 encore
966 444 1082 498 trop
1108 441 1140 485 a
1176 453 1231 485 se
1256 440 1435 487 dedit-e
1451 457 1463 498 ;
1491 454 1557 487 on
1588 441 1672 487 n’a
1695 456 1794 501 pas
1831 443 1863 488 a
1897 442 2074 502 rougir
2113 442 2266 490 d’une

245 541 424 601 poesie
455 541 655 600 lyrique
676 541 784 601 qui,
809 541 942 587 dans
966 542 1013 588 le
1035 543 1124 602 J’eu
1141 543 1410 590 alternatis
1429 544 1495 591 de
1521 558 1605 591 ses
1633 545 1858 603 saisons,
1883 560 1952 592 va
1976 546 2268 593 s'encadrer

242 644 307 691 de
326 645 359 690 l’
376 659 406 690 «
436 644 580 691 Avril
605 661 627 687 ¹>
654 644 720 691 de
740 644 966 701 Belleau,
982 659 1087 691 aux
1109 660 1138 690 «
1162 646 1381 692 Feuilles
1406 647 1700 694 d’automne
1725 665 1747 690 ¹>
1774 649 1839 695 de
1860 649 2009 709 Hugo
2031 651 2115 708 (1).

320 833 344 870 α
375 817 448 871 Je
475 815 616 872 n'en
656 819 992 874 ret-rauche
1024 820 1168 874 rien
1214 835 1292 873 ou
1341 819 1379 874 ἁ
1408 835 1534 888 peu
1560 818 1709 889 pres
1741 822 1884 875 rien
1915 839 1939 874 1>
1982 840 1997 875 .·
2029 819 2265 893 Aliquid

245 945 421 1020 igitur
445 946 719 1003 detraxit?
753 947 1041 1004 dictorum
1074 949 1335 1022 quaedam
1382 950 1666 1006 retexuit?
1709 951 1810 1006 Hae
1850 954 2040 1007 autem
2077 970 2265 1008 emen·

242 1077 519 1150 dationeS,
572 1098 722 1135 anno
757 1079 1060 1136 millesimo
1110 1082 1582 1155 octingentesimo
1617 1082 2051 1157 quadragesimo
2099 1083 2266 1139 tertio

245 1211 403 1285 operi
470 1211 718 1282 insertae,
775 1213 823 1268 si
891 1213 1107 1269 ultimae
1161 1232 1388 1287 quoque
1451 1214 1684 1270 editioni
1743 1218 1798 1270 et
1858 1215 2087 1289 quidem
2134 1234 2268 1271 auc-

243 1318 419 1402 tiores
478 1345 708 1402 insertae
768 1349 921 1416 sunt,
986 1346 1151 1402 nobis
1207 1346 1417 1402 auxilio
1481 1347 1602 1403 fore
1654 1347 1920 1404 videntur
1975 1351 2041 1406 ut
2101 1348 2268 1423 plane

247 1494 663 1553 cognoscamus
715 1497 887 1552 quam
967 1478 1287 1535 doctrinam
1367 1479 1427 1533 in
1483 1478 1737 1535 animum
1800 1483 2110 1554 postremo,
2197 1498 2268 1536 ne

241 1610 580 1681 variaretur,
617 1613 911 1687 receperit.

318 1742 564 1815 Etenim,
639 1744 699 1799 in
776 1747 1016 1819 utraque
1079 1744 1347 1812 editione,
1407 1745 1705 1801 emendata
1790 1745 1902 1801 alia
1978 1745 2048 1801 ad
2112 1745 2268 1802 aliud

244 1876 526 1933 tendunt:
558 1880 692 1933 sunt
745 1877 977 1951 quibuS,
1026 1876 1163 1934 dum
1212 1877 1496 1933 obstinato
1542 1877 1730 1934 animo
1792 1882 2074 1952 praecepta
2135 1896 2269 1934 con-

243 2008 436 2065 firmat
490 2027 638 2083 quae,
715 2028 846 2067 cum
903 2009 1102 2066 ceteris
1152 2009 1242 2065 vel
1302 2009 1410 2064 sibi
1474 2009 1762 2082 quondam
1830 2009 2068 2084 probata
2130 2010 2264 2079 sint,

246 2142 416 2198 etiam
464 2161 618 2199 nunc
667 2142 819 2199 bona
860 2161 983 2199 esse
1033 2147 1278 2211 censeat,
1326 2143 1773 2201 Sainte-Beuve
1820 2141 2162 2215 quibusdam
2198 2141 2268 2198 de

246 2273 417 2331 rebus
471 2293 530 2330 se
578 2275 893 2331 romantice
949 2275 1118 2331 etiam
1174 2274 1383 2331 sentire
1439 2274 1687 2349 aperiat;
1756 2308 1827 2315 —-
1882 2277 2016 2330 sunt
2079 2277 2268 2330 autem

248 2406 479 2480 quibus,
532 2426 663 2464 cum
721 2408 1020 2464 confessus
1075 2407 1147 2464 sit
1203 2427 1338 2465 suos
1402 2411 1457 2464 et
1504 2426 1563 2464 se
1620 2407 1809 2481 ipsum
1853 2406 2029 2462 nimia
2084 2409 2269 2463 tenta-

243 2539 451 2596 tavisse
505 2543 562 2596 et
603 2540 663 2594 in
714 2539 1058 2614 quibusdam
1121 2539 1421 2596 conatibus
1483 2558 1684 2614 parum
1749 2538 2076 2613 profecisse,
2141 2555 2269 2612 spes

248 2676 305 2728 et
342 2672 623 2730 rationem
669 2673 1119 2730 romanticorum
1177 2692 1234 2729 se
1276 2672 1532 2729 deserere
1580 2671 1860 2728 ostendat.

322 2805 690 2863 Romanticas
737 2806 995 2881 profecto
1039 2809 1227 2880 partes
1275 2806 1554 2879 sequitur,
1609 2823 1760 2875 cum,
1803 2804 1965 2860 vanis
2004 2807 2060 2860 et
2107 2803 2270 2860 stric-

250 2938 497 2996 tioribus
584 2939 879 3010 censuriS,
974 2939 1184 3013 quibus
1280 2940 1538 2995 charles
1612 2940 1917 2994 Fontaine
2012 2936 2271 2992 libellum

246 3073 504 3146 Defense
558 3077 619 3131 et
662 3074 1064 3130 Illustration
1105 3071 1532 3141 detrectaverat,
1569 3069 1859 3144 expositis),
1913 3068 2061 3124 hanc
2116 3067 2272 3124 addit

250 3206 674 3264 adnotationem
704 3223 716 3261 :

339 3429 399 3477 Je
419 3429 556 3476 crois
580 3429 673 3476 lire
694 3429 871 3489 Anger
891 3440 959 3473 ou
978 3426 1051 3472 M.
1084 3426 1180 3487 Jay
1203 3427 1272 3483 (2)

330 3681 385 3733 (¹)
406 3681 500 3723 Vide
523 3681 577 3729 G,
597 3680 632 3723 2
657 3686 696 3722 ct
719 3681 776 3732 L,
806 3681 838 3730 1,
864 3679 913 3721 3.

330 3775 385 3829 (2)
411 3776 505 3819 vide
532 3777 589 3825 1..
615 3777 647 3829 l,
672 3776 755 3819 93.
781 3775 914 3817 adnot.
