2762 4316
1110 323 1373 376 -81-

310 473 456 530 Cum
501 490 702 529 versus
765 472 1059 529 liberiores
1127 492 1270 548 quos
1337 475 1643 550 scripserat
1721 475 1806 531 du
1883 473 2105 545 Bellay
2165 472 2255 528 his

230 605 421 662 verbis
469 604 897 680 praedicavisset
926 624 937 661 ε

481 854 578 901 Cet
637 853 945 900 alexandrin
976 859 1056 900 est
1093 854 1140 900 le
1179 856 1345 902 meme
1377 869 1477 916 que
1519 856 1572 902 la
1616 857 1771 916 jeune
1817 855 1956 903 ecole
1995 854 2060 901 de
2083 853 2258 914 poesie

235 956 541 1004 affectionne
565 963 616 1004 et
655 957 841 1003 cultive
883 963 934 1003 et
957 971 1059 1017 que
1104 964 1218 1004 tout
1255 959 1567 1006 recemment
1591 959 1770 1005 Victor
1815 959 1964 1020 Hugo
2002 972 2100 1017 par
2162 971 2257 1003 son

233 1077 257 1104 α
281 1059 560 1108 Cromwell
581 1076 623 1116 ι»,
662 1059 823 1106 Emile
845 1060 1170 1121 Deschamps
1207 1068 1258 1107 et
1296 1061 1475 1108 Alfred
1515 1062 1749 1123 Devigny
1790 1076 1886 1122 par
1916 1062 2027 1109 leur
2057 1060 2261 1108 traduc-

233 1163 343 1210 tion
367 1176 431 1210 en
448 1176 566 1210 vers
587 1163 652 1210 de
687 1181 709 1207 «
730 1163 926 1210 Romeo
950 1170 1003 1210 et
1024 1164 1231 1211 Juliette
1258 1182 1279 1207 »
1305 1170 1394 1212 ont
1414 1166 1722 1212 νέίηἰνοιίαίι
1752 1165 1884 1213 dans
1908 1166 1956 1211 le
1989 1164 2123 1225 style
2144 1164 2261 1211 dra-

234 1267 465 1329 matique
484 1269 553 1328 (1)
575 1284 589 1326 ;

237 1460 394 1499 nunc
450 1446 506 1498 et
554 1443 895 1500 sententiam
943 1448 998 1501 et
1046 1463 1215 1501 voces
1264 1445 1323 1500 in
1364 1445 1522 1501 hunc
1579 1444 1814 1501 modum
1861 1448 2091 1501 mutat:

347 1609 382 1621 ..
437 1580 527 1621 ont
575 1576 678 1622 oise'
715 1577 748 1622 ὰ
784 1576 1132 1623 reintroduire
1177 1576 1310 1623 dans
1355 1577 1402 1623 le
1449 1576 1579 1636 style
1621 1577 1963 1638 dramatique.

313 1699 538 1768 Quibus
578 1719 695 1758 non
758 1705 1084 1772 contentUS,
1154 1701 1522 1758 adnotatione
1579 1702 1825 1776 quadam
1881 1701 2116 1758 addidit.

322 1890 382 1939 Je
424 1892 719 1950 maintien3‚
766 1905 964 1939 comme
1009 1906 1076 1938 on
1098 1892 1226 1949 voit,
1250 1892 1302 1938 la
1339 1899 1482 1939 trace
1517 1892 1610 1939 des
1649 1906 1963 1952 promesseS,
1988 1893 2054 1939 de
2108 1892 2262 1938 celles

236 1996 402 2041 meme
441 1995 532 2055 qui
561 1995 702 2041 n'ont
743 2009 841 2055 pas
883 1995 1172 2056 &galement
1203 2002 1340 2043 tenu.
1387 1996 1466 2043 Un
1514 2002 1617 2042 tort
1660 1996 1753 2043 des
1796 1998 1976 2056 poetes
2007 1995 2078 2042 du
2107 1995 2266 2043 Cena-

239 2098 334 2155 cle,
360 2103 456 2145 etc,
477 2098 572 2158 (2).
608 2115 630 2141 n

330 2270 518 2344 Atque
578 2268 895 2326 notandum
960 2269 1102 2325 mihi
1155 2269 1381 2326 videtur
1451 2269 1559 2326 hac
1636 2269 2000 2326 adnotatione
2061 2288 2263 2344 parum

241 2418 375 2459 vere
427 2401 740 2475 significari
796 2404 1076 2475 quantum
1123 2401 1232 2457 sibi
1279 2402 1387 2476 ipsi
1443 2402 1849 2458 contradixerit
1900 2421 1910 2458 :
1957 2402 2076 2476 qui,
2113 2420 2263 2458 anno

243 2532 550 2590 millesimo
650 2532 1122 2608 octingentesimo
1214 2532 1486 2588 vicesimo
1571 2536 1807 2603 octaVO,
1890 2550 2006 2588 non
2089 2533 2264 2589 verbo

246 2685 272 2722 α
343 2666 627 2741 promissa
708 2685 733 2720 »
800 2685 942 2723 usus
1020 2666 1113 2736 sit,
1165 2665 1261 2721 sed
1326 2683 1422 2721 ore
1495 2665 1800 2740 magnifico
1863 2669 1918 2721 et
1985 2665 2266 2722 renidenti

246 2796 546 2854 victoriam
593 2797 654 2853 in
701 2800 1041 2872 perpetuum
1070 2797 1155 2871 (ut
1201 2796 1401 2853 saltem
1448 2797 1732 2871 sperabat)
1757 2799 1978 2872 partam
2017 2796 2265 2853 declara-

242 2929 408 2987 verit.

318 3062 395 3118 Et
458 3080 630 3136 quam
693 3061 893 3129 multa,
953 3061 1172 3135 reliquo
1242 3060 1302 3115 in
1368 3078 1557 3135 opere,
1623 3064 1722 3116 aut
1775 3060 2089 3117 attenuavit
2170 3064 2268 3117 aut

251 3193 375 3269 ipse
422 3193 628 3250 refellit
672 3196 684 3251 l
746 3193 1092 3251 Omittamus
1148 3193 1318 3249 etiam
1380 3196 1536 3266 (cum
1604 3192 1821 3249 ultimis
1872 3192 2267 3249 tantummodo

250 3326 385 3382 vitae
440 3345 558 3383 suae
607 3326 771 3382 annis
816 3326 886 3382 ad
929 3326 986 3382 id
1041 3343 1375 3400 progressus
1435 3325 1530 3396 sit)
1578 3325 1648 3380 ab
1704 3343 1770 3381 eo
1833 3328 2057 3399 poetam
2111 3327 2271 3383 Ron-

250 3460 403 3516 sard
450 3458 777 3516 incusatum
826 3477 951 3515 esse
993 3458 1147 3532 quod
1203 3458 1384 3514 invita
1428 3458 1686 3514 Minerva
1728 3456 2048 3531 scripsisset
2083 3475 2093 3511 :

353 3707 411 3760 (1)
435 3708 530 3750 Vnde
550 3707 602 3756 Β,
625 3708 705 3750 77.

352 3803 408 3856 (2)
437 3803 532 3846 Vide
559 3804 613 3853 G,
640 3804 704 3846 61
735 3809 773 3845 et
791 3803 847 3851 1..
878 3803 920 3853 1,
940 3802 1042 3846 106
1070 3809 1108 3844 et
1131 3803 1263 3844 adnot.
