2808 4412
1508 388 1576 398 ..-
1609 362 1644 412 2
1676 387 1740 396 ..-

598 520 696 595 qui
723 522 859 576 sunt
883 516 1143 590 inscripti
1166 517 1486 582 Pertraits
1507 515 2020 584 Contemporains
2037 511 2306 568 ultimum
2331 511 2511 568 edidit
2531 513 2632 588 (1),

598 653 659 707 in
691 652 877 707 fronte
902 647 1360 721 uniuscujusque
1385 645 1535 717 libri,
1565 647 1716 702 hanc
1741 645 2084 702 sententiam
2108 644 2426 719 praeposuit
2463 662 2474 700 :

715 873 748 905 «
774 858 914 905 Nous
938 868 1159 903 sommes
1184 853 1398 901 mobiles
1421 858 1472 900 et
1491 867 1620 901 noas
1641 853 1869 916 jageons
1887 853 1976 901 des
2002 854 2138 901 §tr-es
2162 840 2376 900 mobiles
2403 867 2456 898 ».

1879 971 2086 1032 (ΒὲΝΑο
2115 985 2185 1018 ΒΕ
2215 971 2507 1032 ΜΕΙιΗΑΝ).

672 1188 1021 1246 Difficillime
1055 1187 1308 1262 profecto
1340 1187 1461 1262 ipse
1487 1190 1542 1243 et
1567 1187 1794 1261 scriptis
1820 1189 1877 1243 et
1910 1186 2180 1262 scriptori
2198 1186 2384 1262 magis
2410 1204 2637 1243 accom-

595 1323 890 1379 modatam
916 1321 1350 1396 inscriptionem
1375 1321 1707 1378 effinxisset.
1746 1321 1927 1377 Nemo
1955 1319 2109 1377 enim
2142 1320 2373 1395 ignorat
2412 1319 2637 1394 quoties

593 1459 846 1512 mutatus
878 1455 970 1523 sit,
1023 1458 1079 1510 et
1112 1454 1360 1528 quotieS,
1397 1453 1849 1528 haudquaquam
1885 1454 2058 1510 fidem
2093 1453 2327 1510 stultam
2360 1456 2636 1510 mentem-

593 1609 703 1664 que
729 1589 1103 1664 pervicaciter
1134 1588 1432 1644 immotam
1460 1606 1575 1662 prae
1609 1606 1668 1644 se
1700 1588 1909 1659 ferenS‚
1950 1587 2221 1644 humanae
2263 1587 2418 1673 illius
2453 1588 2635 1644 varie-

587 1723 719 1779 tatis
746 1723 1004 1797 exempla
1037 1741 1265 1779 necnon
1293 1725 1631 1797 argumenta
1655 1721 1984 1795 praebuerit.
2015 1721 2166 1777 Nam
2193 1738 2417 1796 semper
2436 1753 2510 1762 —
2535 1723 2635 1778 aut

587 1877 738 1932 saepe
779 1857 980 1913 saltem
1004 1891 1078 1898 —
1109 1857 1178 1912 de
1224 1857 1395 1914 rebus
1433 1856 1665 1928 divinis,
1698 1856 1767 1912 de
1802 1855 2198 1931 philosophia,
2229 1856 2297 1913 de
2335 1859 2454 1914 arte
2488 1857 2632 1913 scri-

586 1990 779 2060 bendi,
814 1990 1063 2064 priorem
1097 1989 1439 2046 sententiam
1472 1988 1815 2064 repudiavit,
1857 1991 1958 2045 aut
1997 2008 2030 2044 a
2073 1988 2453 2063 scriptoribus
2491 1990 2634 2065 ipsis

584 2123 861 2180 alienatus
909 2127 1014 2194 est,
1051 2142 1195 2198 quos
1233 2123 1406 2198 paulo
1445 2125 1574 2178 ante
1620 2123 1870 2179 maximo
1922 2122 2113 2179 studio
2155 2123 2417 2180 foverat:
2457 2143 2632 2199 quam

585 2276 734 2332 saepe
792 2277 1078 2314 summam
1127 2257 1486 2314 severitatem
1547 2257 1617 2312 iis
1662 2275 1797 2313 mox
1838 2257 2121 2329 adhibuit,
2175 2276 2320 2332 quos
2389 2258 2632 2316 summis

583 2391 855 2449 laudibus
881 2411 1064 2467 nuper
1094 2393 1374 2450 extulerat
1408 2394 1419 2447 !

660 2525 846 2593 Quam
887 2527 1359 2598 inconstantiam,
1409 2529 1616 2583 natura
1671 2527 1866 2582 animo
1915 2526 2040 2600 ejus
2092 2526 2349 2597 insitam,
2377 2529 2634 2602 primum

587 2679 707 2716 non
738 2661 965 2717 videtur
992 2661 1112 2736 ipse
1141 2661 1406 2718 sensisse.
1438 2661 1504 2716 In
1537 2659 1659 2716 dies
1705 2663 1896 2716 autem
1930 2660 2383 2718 manifestiorem
2423 2661 2634 2719 factam

588 2812 763 2867 quam
787 2798 854 2850 ut
894 2794 1111 2851 diutius
1152 2815 1183 2850 a
1210 2795 1407 2851 critico
1441 2794 1781 2864 nesciretur,
1819 2793 1978 2849 brevi
2012 2812 2138 2850 eam
2166 2796 2457 2868 tamquam
2491 2796 2634 2852 scri-

589 2926 758 2981 bendi
786 2927 941 2983 viam
977 2931 1032 2984 et
1062 2928 1382 2984 litterarum
1402 2927 1509 2983 rite
1541 2925 2077 3000 investigandarum
2104 2926 2635 3000 dijudicandarum-

588 3077 699 3131 que
729 3059 1014 3116 rationem
1048 3060 1414 3117 existimavit.
1453 3060 1622 3128 Nam,
1668 3058 1859 3115 media
1899 3062 2066 3115 aetate
2119 3060 2380 3117 nondum
2415 3063 2632 3132 exacta,

589 3210 721 3247 cum
755 3211 784 3248 e
819 3198 971 3250 coetu
1007 3175 1352 3269 scriptorum
1379 3195 1478 3268 qui
1512 3192 1938 3268 ephemeridem
1969 3196 2052 3250 Le
2085 3195 2269 3251 Globe
2294 3195 2632 3270 inscriptam

588 3329 1014 3401 componebant
1061 3330 1120 3384 in
1165 3330 1623 3385 romanticorum
1672 3329 2076 3397 Cenaculum‚
2134 3347 2164 3384 e
2223 3331 2529 3388 Cenaoulo
2571 3329 2632 3385 in

589 3459 847 3516 scholam
882 3482 914 3517 a
954 3462 1301 3537 philosopho
1352 3463 1785 3520 Sami-Simon
1829 3428 2206 3534 nominatam,
2256 3482 2286 3519 e
2330 3463 2531 3520 schola
2571 3463 2631 3519 in

587 3594 946 3651 sodalitatem
990 3615 1023 3651 a
1078 3597 1410 3671 presbytero
1451 3598 1825 3653 Lamennais
1877 3595 2205 3667 formatam,
2241 3616 2270 3653 e
2329 3597 2629 3654 sodalitate

663 3874 720 3924 (1)
756 3874 873 3915 1868.
