2762 4316
1116 282 1380 335 -75—

233 434 611 509 ephemeridis
655 438 737 490 Le
777 436 958 491 Globe
1013 436 1470 508 conscriptorum
1512 436 1676 510 quasi
1715 435 1949 492 dilatata
2003 439 2154 492 esset
2203 440 2260 492 et

235 542 430 622 multis
492 565 844 639 diversisque
899 565 1059 621 libris
1099 566 1258 622 lectis
1306 567 1606 637 instructa,
1661 586 1776 623 non
1830 567 1952 641 jam
2005 528 2257 641 recipere

232 701 454 774 poterat
499 715 678 752 vanas
728 695 1078 770 pusillasque
1127 697 1413 753 doctrinas
1450 697 2073 771 pseudo-classicorum
2115 703 2256 756 tem-

235 830 393 904 poris
451 829 560 885 sui.
620 830 817 902 Itaque
872 828 1112 884 libenter
1150 829 1422 903 praedicat
1461 829 1738 903 quidquid
1779 830 1917 886 boni
1958 831 2252 886 consecuti

235 965 371 1020 sunt
405 962 856 1018 romanticorum
903 966 1179 1028 conatus;
1239 963 1432 1018 omnia
1475 963 1722 1019 celebrat
1769 982 1896 1037 quae
1942 967 2008 1020 ut
2047 963 2253 1020 melius

233 1094 540 1168 loetiusque
576 1093 775 1150 fierent
810 1097 1180 1151 mutaverunt
1223 1096 1519 1152 Ceuaculi
1567 1095 1907 1169 scriptores;
1952 1113 2012 1151 se
2047 1095 2257 1169 ipsum,

235 1225 535 1283 occasione
604 1226 811 1298 oblata,
890 1245 996 1300 pro
1073 1227 1226 1296 virili
1282 1230 1443 1302 parte
1513 1228 1650 1284 huic
1714 1227 1864 1284 bello
1935 1228 2262 1284 interfuisse

229 1359 427 1435 jactat,
455 1362 624 1433 atque
669 1358 946 1429 libellum,
986 1361 1080 1416 cui
1127 1361 1464 1417 inscribitur
1508 1363 1881 1418 Conversion
1917 1363 1991 1418 de
2036 1362 2258 1431 Joseph

232 1494 521 1549 Delorme
573 1495 629 1548 et
689 1492 749 1547 in
815 1510 928 1566 quo
988 1495 1107 1564 Jay
1168 1493 1546 1548 romanticam
1617 1493 1935 1549 doctrinam
2006 1495 2250 1550 Sainte-

237 1626 441 1682 Beuve
482 1624 842 1716 abdicantem
889 1625 1149 1696 finxerat,
1206 1625 1490 1682 famosum
1538 1643 1658 1682 esse
1707 1625 2032 1692 contendit;
2093 1625 2254 1682 deni-

238 1775 369 1831 que,
426 1757 576 1814 sicut
626 1758 1039 1814 Demosthenes
1102 1762 1232 1832 post
1302 1758 1743 1815 Chaeronensem
1810 1758 2050 1828 cladem,
2102 1758 2260 1832 jure-

231 1889 484 1964 jurando
549 1890 853 1946 confirmat
914 1894 971 1947 et
1022 1891 1369 1947 romanticos
1442 1910 1639 1947 omnes
1709 1895 1765 1947 et
1833 1909 1893 1947 se
1939 1891 2129 1965 ipsum
2189 1890 2258 1946 de

238 2022 531 2097 republica
578 2023 895 2080 litterarum
939 2024 1084 2080 bene
1130 2023 1405 2080 meruisse
1452 2042 1464 2079 :
1521 2050 1545 2080 «
1587 2031 1742 2093 Non,
1786 2031 1938 2084 dans
1975 2031 2034 2084 la
2082 2034 2267 2084 tenta-

238 2153 353 2207 tive
398 2154 502 2222 qui
543 2156 674 2208 s'esc
719 2155 907 2219 emue,
948 2170 1087 2220 non,
1138 2170 1287 2208 nous
1333 2159 1460 2208 tous
1487 2169 1638 2207 nous
1686 2155 1932 2208 u'avons
1973 2169 2090 2222 pas
2138 2157 2262 2207 tout

240 2289 278 2342 ἀ
322 2287 451 2356 fait
493 2288 646 2341 erre.
684 2289 770 2342 La
806 2289 1010 2356 poe'sie
1054 2290 1202 2342 e'tait
1241 2290 1435 2341 morte
1473 2303 1546 2341 en
1590 2288 1796 2355 esprc‘t,
1843 2286 2070 2355 perduc
2112 2286 2263 2361 dans

241 2421 292 2474 le
345 2420 632 2489 delayaye
693 2424 752 2474 et
811 2422 890 2474 les
949 2421 1203 2489 fadeurs
1276 2438 1287 2470 :
1358 2436 1508 2474 nous
1570 2422 1792 2474 l'avons
1849 2420 2051 2483 sentie,
2103 2434 2252 2473 nous

241 2553 466 2608 l'avons
510 2553 761 2612 νείευέε,
810 2539 892 2606 les
951 2568 1064 2606 uns
1118 2553 1443 2620 beaucoup,
1494 2553 1572 2605 les
1613 2555 1819 2606 autres
1868 2553 2064 2606 moins
2109 2556 2163 2605 et
2208 2552 2264 2606 si

233 2701 358 2755 peu
396 2701 505 2754 que
552 2700 615 2740 ce
672 2686 791 2739 soit
843 2686 995 2739 dans
1049 2700 1155 2739 nos
1210 2700 1458 2748 oeuvreS,
1518 2686 1673 2738 mais
1736 2684 1886 2738 hauc
1942 2684 2095 2738 dans
2158 2698 2267 2738 uos

244 2834 439 2875 caeurs
461 2840 484 2884 ,·
540 2824 598 2875 et
653 2820 787 2874 l’art
849 2819 1148 2883 veritable,
1212 2817 1265 2871 le
1322 2817 1527 2886 grand
1590 2821 1711 2875 art,
1773 2816 1856 2870 du
1923 2817 2120 2869 moins
2190 2831 2265 2869 en

245 2954 446 3022 imaye
510 2957 565 3006 et
621 2967 694 3006 en
751 2951 921 3016 culte,
970 2966 1010 3006 a
1054 2951 1143 3004 έιέ
1195 2951 1442 3004 ressaisi
1489 2954 1546 3003 et
1584 2949 1860 3004 continue
1888 2968 1912 2998 »
1961 2951 2064 3016 (1).

323 3087 464 3162 Spes
501 3089 691 3143 autem
728 3085 949 3159 aliquas
983 3103 1138 3141 nunc
1171 3084 1404 3158 deponit
1450 3088 1507 3140 et
1541 3101 1761 3140 errores
1787 3082 2064 3157 quosdam
2092 3083 2275 3140 abdu-

247 3218 349 3276 cit.
406 3218 537 3274 Non
579 3218 699 3293 jam
759 3217 912 3274 enim
966 3218 1274 3273 arbitratur
1320 3212 2081 3272 institutiones'ambitiosas
2126 3232 2273 3288 quas

245 3349 314 3406 de
362 3350 588 3408 dicendi
642 3354 763 3407 arte
815 3348 1118 3406 romantici
1167 3347 1488 3405 inconsulte
1540 3347 1808 3403 finxerint
1858 3365 1990 3403 cum
2027 3346 2267 3403 veritate

331 3768 388 3822 (1)
412 3768 504 3810 vid·
530 3767 716 3810 Peru-aits
740 3768 964 3816 Lucet-uires,
986 3767 1039 3817 Π,
1069 3766 1164 3810 103.
