2808 4412
1126 313 1390 367 -37-

244 459 496 534 capitum
551 460 620 517 de
684 465 843 518 sexto
907 462 1130 520 decimo
1190 467 1406 537 seculo,
1464 468 1618 525 illam
1684 489 1745 526 se
1809 472 2265 546 compositurum

245 608 368 649 esse
413 591 730 664 denuntiat,
790 594 901 665 his,
960 600 1023 651 ut
1071 597 1194 671 jam
1246 599 1518 671 vidimuS‚
1574 603 1806 660 verbis:

328 886 404 934 La
461 887 594 934 serie
635 887 964 937 d'articles...
1004 898 1215 950 portera
1248 894 1718 953 particulierement
1749 911 1839 944 sur
1871 898 2107 959 l’epoque
2130 899 2265 946 deci-

240 988 352 1036 sive
393 989 459 1037 de
505 990 636 1048 1550,
683 994 752 1037 ou
800 991 1090 1040 l’imitation
1133 995 1196 1040 de
1244 996 1529 1058 l'antiqaite
1567 1000 1671 1046 oint
1706 1001 2071 1061 brasqaement
2113 1002 2266 1048 inter·-

238 1104 447 1153 rompre
495 1091 542 1138 le
582 1092 992 1154 de'oeloppement
1038 1098 1247 1144 natat-el
1291 1104 1340 1145 et
1406 1100 1514 1147 lent
1564 1102 1626 1148 de
1672 1109 1819 1150 notre
1865 1103 2030 1151 vieille
2063 1103 2262 1151 littera-

238 1198 354 1244 ture
392 1194 634 1256 gauloise
680 1197 770 1256 (1).
1739 1181 1742 1184 ¹

309 1452 437 1521 Qua
477 1454 761 1511 sententia
819 1473 936 1511 non
997 1456 1283 1531 significat
1338 1478 1399 1516 se
1460 1479 1669 1535 magna
1724 1462 2040 1519 voluntatis
2088 1464 2256 1520 incli-

232 1585 465 1643 natione
535 1588 595 1642 in
666 1606 757 1644 res
850 1588 1156 1646 inusitatas
1255 1593 1611 1666 propendere
1683 1613 1826 1668 quas
1922 1597 2255 1653 Pleiadum

232 1719 542 1794 scriptores
597 1719 791 1777 adorsi
847 1721 981 1778 sint.
1034 1723 1219 1779 Instar
1270 1725 1532 1798 Boileau
1575 1726 1776 1800 ἱρείης,
1813 1746 2042 1784 censere
2094 1727 2254 1786 vide-

230 1855 326 1909 tur
393 1852 587 1908 omnia
635 1871 668 1908 a
727 1855 1015 1911 Romard
1068 1855 1373 1913 indiscrete
1420 1858 1594 1914 fuisse
1657 1859 1966 1916 commixta
2008 1879 2021 1929 ;
2081 1863 2136 1916 et
2202 1861 2253 1916 si

228 1985 595 2060 temperatius
639 1985 803 2042 illum
859 1987 1071 2062 culpat,
1126 2006 1389 2063 expresse
1430 1994 1619 2046 tamen
1675 1992 1885 2066 culpat.

303 2118 473 2175 Initio
523 2118 755 2192 quidem
803 2120 974 2193 primi
1020 2122 1243 2195 capitis,
1296 2122 1607 2179 clarissime
1662 2123 2033 2181 denuntiatur
2071 2143 2253 2199 quan-

226 2255 354 2309 tum
405 2252 581 2308 Artis
634 2255 894 2323 poeticae
949 2254 1214 2328 scriptor,
1243 2255 1427 2310 valeat
1473 2255 1623 2329 apud
1672 2260 1934 2313 nostrum
1961 2256 2245 2328 criticum,

227 2399 359 2440 cum
407 2382 617 2440 scribat
661 2404 672 2442 :

307 2669 383 2718 La
444 2669 633 2730 langue
700 2669 944 2730 poetique
1007 2669 1187 2716 n’etait
1232 2684 1331 2731 pas
1369 2672 1564 2719 foi-mee
1622 2686 1687 2719 en
1747 2673 1943 2721 France
2007 2688 2076 2722 au
2118 2689 2247 2723 com·

218 2778 539 2820 mencement
579 2772 650 2819 du
698 2782 809 2819 xv1⁶
852 2771 1048 2830 siecle3
1096 2787 1263 2820 aucun
1297 2775 1495 2822 homme
1538 2775 1603 2822 de
1642 2775 1806 2836 genie,
1864 2790 2061 2825 comme
2105 2778 2143 2825 il
2182 2793 2247 2826 en

218 2878 461 2936 apparuit
506 2874 830 2936 quelquefois
881 2877 915 2922 a
967 2875 1198 2936 l’origine
1256 2876 1351 2924 des
1409 2878 1725 2926 litteratures
1773 2880 1967 2926 n'avait
2008 2881 2246 2941 imprime

216 2977 472 3025 l'autorite
518 2977 585 3026 de
629 2978 798 3039 regles
842 2980 875 3024 a
922 2992 979 3025 ce
1024 2979 1115 3039 qui
1162 2980 1294 3026 n’est
1334 2979 1552 3027 d'abord
1616 2982 1771 3041 qu’un
1820 2983 2052 3030 heureux
2090 2984 2243 3032 choix

218 3078 478 3128 d’instinct
520 3095 534 3137 ;
582 3094 750 3127 aucun
792 3081 1020 3128 ecrivain
1066 3083 1099 3128 a
1139 3082 1365 3142 grandes
1413 3084 1632 3143 pensees
1680 3098 1878 3131 comme
1918 3085 2142 3133 Homere
2176 3101 2243 3134 ou

218 3181 387 3230 Dante
427 3182 621 3230 u'avait
668 3183 734 3231 de
779 3185 948 3231 bonne
968 3185 1125 3231 heure
1162 3186 1295 3232 senti
1332 3186 1408 3232 les
1446 3187 1674 3242 besoinS,
1711 3186 1893 3233 devine
1927 3187 2003 3235 les
2050 3195 2243 3236 secrets

219 3284 285 3332 de
328 3286 381 3333 la
421 3286 788 3345 versification‚
825 3294 892 3344 et,
934 3301 1033 3334 une
1079 3288 1178 3334 fois
1225 3290 1452 3345 trouveS,
1514 3302 1579 3335 ne
1602 3289 1678 3335 les
1703 3290 1846 3335 avait
1884 3290 2152 3351 inculques
2210 3295 2243 3339 a

217 3402 306 3436 ses
368 3391 782 3457 contemporains
840 3393 873 3437 a
934 3391 1073 3438 force
1120 3391 1184 3438 de
1236 3391 1435 3451 poesie.
1516 3392 1591 3437 La
1635 3393 1766 3438 rime
1819 3407 2042 3454 presque
2096 3395 2239 3443 seule

218 3491 440 3540 sufflsait
483 3495 516 3540 a
560 3493 771 3541 l'oreille
814 3494 1111 3554 indulgente
1154 3494 1219 3541 de
1261 3508 1356 3540 nos
1417 3494 1550 3540 bons
1608 3498 1763 3541 a’i‘eux
1822 3502 1873 3542 et
1925 3497 2036 3543 leur
2074 3499 2236 3546 cenail

323 3801 379 3853 (1)
405 3800 498 3842 Vide
522 3801 580 3844 G.
610 3825 656 3834 —
684 3801 777 3844 Hoec
809 3802 1009 3844 adnotatio
1032 3813 1158 3853 neque
1184 3802 1226 3844 in
1251 3802 1302 3854 S,
1324 3813 1451 3854 neque
1473 3802 1514 3843 in
1542 3802 1595 3853 G,
1624 3812 1750 3853 nequ·
1773 3801 1814 3843 in
1842 3802 1898 3851 1..
1919 3803 2147 3857 'perscripta
2170 3812 2245 3848 m.
