2808 4412
1083 321 1345 372 ..21-

199 471 323 528 haec
398 474 566 545 atque
633 471 771 527 talia
839 472 1230 546 pronuntiavit
1299 493 1450 530 anno
1516 475 1819 532 millesimo
1868 477 2223 551 octingente-

200 603 344 660 simo
401 602 674 659 vicesimo
731 607 955 677 quarm,
1021 603 1115 660 ille
1168 605 1422 678 profecto
1477 606 1537 660 in
1587 607 1971 682 suspicionem
2026 610 2220 665 venire

198 737 316 792 non
369 737 558 808 potest
607 734 759 808 quod
807 734 980 791 fuerit
1039 754 1229 792 rerum
1283 756 1563 795 novarum
1608 740 1815 797 fautor.

269 868 358 924 Ne
404 870 596 923 tamen
643 867 786 923 forte
835 868 1030 924 credas
1086 869 1269 939 illum,
1330 889 1462 927 cum
1534 872 1804 931 classicos
1855 872 2021 929 valde
2091 892 2225 948 pro-

197 1000 379 1070 baret,
438 999 761 1056 inconsulte
817 1018 1028 1056 nomen
1076 1020 1244 1058 suum
1289 1003 1512 1060 dedisse
1561 1009 1625 1061 ut
1670 1005 1730 1060 in
1778 1005 1976 1061 castris
2024 1024 2221 1062 eorum

197 1131 483 1207 stipendia
539 1131 723 1206 prima
770 1133 996 1205 faceret,
1055 1134 1153 1207 qui
1213 1134 1462 1191 classicae
1530 1137 1801 1193 doctrinae
1879 1138 2020 1194 falso
2083 1158 2223 1195 con-

195 1263 509 1321 tendebant
551 1281 610 1319 se
664 1263 990 1320 defensores
1036 1284 1100 1320 ac
1149 1268 1419 1339 patronos
1467 1285 1631 1323 esse:
1670 1270 1942 1338 Vienna,
1983 1268 2217 1339 scilicet,

196 1395 287 1452 vel
371 1397 603 1468 Auyer,
678 1396 768 1452 vel
843 1400 980 1468 Jay,
1056 1397 1147 1452 vel
1240 1398 1798 1457 Baour—Lormian.
1879 1401 2022 1457 Cum
2097 1401 2223 1457 istis

195 1528 464 1585 obsoletae
520 1529 656 1584 artis
705 1529 931 1586 dicendi
978 1530 1294 1586 fautoribus
1348 1531 1559 1587 foedere
1608 1532 1826 1588 nullam
1867 1533 2223 1590 confirmavit

195 1661 546 1719 societatem.
629 1662 798 1732 Nam,
872 1662 976 1718 etsi
1058 1662 1283 1736 septimi
1352 1663 1558 1719 decimi
1629 1664 1805 1720 seculi
1876 1665 2222 1739 exemplaria

193 1793 388 1851 vivido
454 1813 645 1850 amore
701 1794 1024 1869 perlegebat
1086 1799 1251 1869 atque
1323 1796 1583 1870 religiose
1656 1797 1875 1852 colebat
1937 1800 2221 1871 praecepta

195 1927 264 1983 ab
343 1926 595 2000 antiquis
662 1926 888 1997 tradita,
940 1931 1151 1998 tamen,
1227 1946 1356 1984 cum
1436 1932 1597 1984 aetate
1669 1929 1895 1985 floreret
1949 1932 2004 1985 et
2052 1929 2219 2002 juve-

195 2058 299 2115 nili
355 2058 555 2115 ardore
592 2059 875 2133 flagraret,
936 2059 1185 2115 novitate
1225 2059 1610 2116 delectabatur
1657 2060 1901 2134 quadam
1941 2060 2216 2134 legitima.

195 2191 358 2248 Adde
445 2191 621 2266 quod,
711 2192 859 2247 inter
935 2191 1352 2265 conscriptores
1429 2192 1808 2266 ephemeridis
1887 2195 1968 2248 Le
2040 2194 2221 2249 Globe

195 2326 538 2401 adscriptuS‚
588 2345 785 2383 eorum
832 2326 1198 2400 opinionibus
1243 2327 1676 2395 assentiebatur,
1713 2344 1838 2398 quae
1880 2328 2219 2381 vetustatem

196 2444 349 2502 haud
399 2444 751 2501 redolebant.
819 2444 1062 2517 Jamjam
1121 2444 1179 2498 in
1252 2444 1490 2518 collegio
1569 2443 1822 2498 assidens
1890 2442 2214 2512 Parisiensi‚

195 2577 400 2635 litteris
462 2577 625 2633 novis
673 2577 1105 2652 diligentissime
1159 2576 1454 2633 studuerat
1509 2580 1563 2632 et
1630 2575 1896 2631 omnibus
1965 2574 2216 2630 motibus

195 2709 468 2767 incitatus
555 2714 694 2781 erat,
770 2710 866 2783 qui
940 2710 997 2764 in
1078 2709 1282 2764 animis
1350 2709 1659 2782 legentium
1736 2706 2010 2762 mirandis
2081 2705 2216 2761 novi

198 2843 421 2918 generis
470 2842 739 2917 operibus
794 2841 1049 2898 suscitati
1107 2844 1266 2897 erant
1316 2841 1413 2915 (1).
1467 2841 1683 2913 Itaque,
1731 2839 1938 2895 talibus
1985 2856 2216 2911 poema-

195 2974 348 3031 tibus
410 2973 573 3030 lectis
630 2976 799 3047 atque
855 2973 1129 3047 probatiS,
1189 2972 1449 3046 imperito
1515 2971 1743 3045 quidem
1783 2987 2215 3042 nonnumquam

190 3105 409 3181 judicio
465 3106 635 3163 etiam
689 3124 827 3162 usus
876 3108 960 3160 est
1023 3105 1083 3159 in
1130 3104 1351 3173 litteris,
1402 3108 1464 3159 ut
1525 3122 1723 3159 versus
1774 3100 2217 3158 Messdniennes

273 3512 329 3565 (ί)
359 3513 453 3554 vide
471 3512 664 3554 Souvenirs
692 3516 726 3551 et
751 3511 1021 3557 Indiscretions,
1052 3509 1119 3552 '77
1151 3521 1160 3549 :
1191 3509 1330 3548 «Nous
1355 3508 1481 3548 lisions
1514 3507 1565 3546 les
1588 3516 1780 3545 nouveaux
1808 3505 1916 3544 lim-es
1940 3508 2016 3543 tout
2043 3503 2147 3554 haut,
2172 3516 2218 3544 en

196 3588 397 3628 recreation
416 3599 429 3628 .·
453 3599 499 3627 on
529 3598 574 3626 ne
600 3599 638 3627 se
663 3587 778 3637 fiqure
795 3586 879 3638 plus
902 3585 1156 3635 aujourd'hui,
1175 3595 1221 3623 on
1248 3595 1293 3622 ne
1314 3586 1400 3634 peut
1422 3582 1506 3633 plus
1525 3592 1562 3620 se
1576 3581 1710 3630 fiyurer
1727 3578 1811 3630 quel
1831 3578 2112 3628 enthousiasme,
2134 3579 2220 3629 quel

199 3665 383 3713 tromper!
409 3672 448 3700 ce
477 3662 534 3710 sut
555 3672 649 3713 pour
675 3661 723 3700 les
749 3661 924 3711 premiers
950 3671 1027 3698 vers
1050 3658 1093 3697 de
1109 3657 1319 3696 Lamartine
1338 3655 1458 3707 parmi
1483 3665 1574 3693 ceux
1598 3653 1639 3692 de
1656 3657 1758 3691 notre
1780 3651 1871 3702 ᾶρε;
1896 3662 1995 3690 nous
2031 3657 2120 3691 tous
2152 3652 2218 3703 qui

198 3733 378 3774 voulions
393 3733 487 3774 faire
511 3734 580 3774 des
600 3744 704 3784 vers,
724 3745 825 3773 nous
850 3732 978 3773 tumes
1004 3732 1193 3780 touches;
1220 3742 1310 3770 nous
1329 3729 1547 3768 ressencions
1574 3728 1609 3766 la
1638 3727 1669 3765 le
1689 3729 1920 3776 contre-coup
1947 3724 2055 3764 d’une
2082 3725 2216 3764 revela-

199 3809 290 3858 tion,
320 3819 372 3847 un
398 3807 503 3848 soleii
525 3819 690 3848 nouveau
709 3818 800 3846 nous
827 3807 981 3846 arrivait
1004 3811 1038 3845 et
1058 3817 1148 3844 nous
1170 3804 1387 3855 reckauffait
1406 3802 1489 3852 dejci
1507 3801 1549 3841 de
1567 3812 1622 3839 ses
1645 3810 1781 3851 rayons
1803 3812 1841 3838 ».
