2808 4412
1118 335 1182 344 -.
1216 307 1249 360 9
1280 336 1344 344 .-

210 461 323 515 tur.
345 457 491 513 Nam
517 475 644 531 quse
670 456 879 514 dicitur
908 477 932 513 ‹<
978 457 1152 515 altera
1186 459 1358 516 editio
1402 480 1452 531 »,
1490 479 1640 516 anno
1678 460 2226 518 MDCCCXXXVIII

213 588 516 664 adscripta,
574 607 690 644 non
754 589 973 644 aliaest
1033 609 1098 645 ac
1151 591 1326 665 prior,
1387 592 1552 666 cujus
1597 592 1796 649 titulus
1829 596 2083 649 mutatus
2134 596 2224 649 est

211 720 370 778 solus
413 719 758 795 (Raymond
792 724 1078 792 Bocquet,
1121 723 1310 798 1838).
1370 725 1592 780 Etenim
1639 743 1755 780 non
1788 724 1974 781 solum
2013 725 2228 799 praebet

210 852 476 910 eumdem
533 855 754 908 textum
824 852 996 909 nullis
1064 853 1403 911 lectionibus
1469 856 1804 926 immutatiS,
1873 856 1972 913 sed
2048 856 2220 912 etiam

211 984 425 1043 eisdem
476 985 626 1060 typis
673 984 951 1059 impressa
995 989 1080 1041 est
1141 990 1195 1043 et
1256 987 1450 1043 eadem
1506 989 1702 1043 charta
1754 989 2028 1058 formata3
2082 989 2226 1045 adde

211 1118 364 1194 quod
410 1118 535 1174 haec
579 1117 774 1188 editio,
824 1137 848 1173 ‹<
890 1118 1067 1174 altera
1103 1139 1127 1174 »
1170 1120 1312 1176 falso
1351 1120 1520 1191 dicta,
1554 1140 1867 1195 numquam
1916 1121 2091 1178 relata
2139 1125 2225 1177 est

210 1251 271 1308 in
351 1251 611 1326 publicos
695 1251 1059 1307 librariorum
1147 1251 1495 1308 Gallicorum
1566 1254 2036 1324 commentariOS,
2126 1255 2224 1328 qui

206 1385 684 1455 Biblioyraphie
738 1385 812 1439 de
871 1386 933 1439 la
984 1387 1229 1441 France
1296 1385 1706 1441 inscribuntur.
1774 1386 1937 1442 Unde
1993 1388 2226 1460 apparet

209 1515 270 1572 in
323 1515 432 1572 hac
485 1515 754 1583 editione,
790 1534 916 1589 quae
972 1516 1200 1590 quidem
1245 1518 1456 1572 exstitit
1496 1518 1684 1586 unica,
1737 1536 2087 1592 quamquam
2125 1521 2224 1574 aut

210 1650 367 1725 prior
397 1652 495 1707 aut
512 1649 689 1706 altera
714 1669 746 1705 a
775 1649 1062 1723 plerisque
1088 1650 1346 1721 habetur,
1368 1651 1603 1707 unicum
1632 1655 1684 1707 et
1716 1650 1977 1707 eumdem
2002 1653 2218 1707 textum

206 1788 319 1865 legi
344 1807 532 1864 posse,
563 1789 661 1863 qui
698 1793 783 1846 est
807 1790 946 1845 alter
981 1792 1099 1864 (1):
1138 1791 1196 1846 S.

281 1923 477 1979 Exstat
515 1926 706 1980 tamen
748 1923 941 1994 editio,
966 1926 1020 1978 et
1056 1941 1185 1979 vere
1228 1923 1401 1978 altera
1438 1924 1558 1979 hoec
1585 1923 1834 1996 quidem,
1875 1942 2001 1997 quae
2035 1923 2222 1980 solum

208 2074 360 2112 anno
408 2055 843 2112 MDCCCXLIII
914 2057 982 2111 ab
1041 2060 1272 2112 auctore
1319 2057 1440 2129 ipso
1497 2059 1800 2128 procurata
1847 2059 1933 2110 est
1987 2057 2040 2128 (1
2099 2058 2216 2111 vol.

209 2193 396 2258 ira-12,
460 2192 572 2246 499
624 2206 733 2260 pp.
805 2189 1265 2263 Charpentc'er).
1327 2189 1648 2243 Praefationi
1707 2207 1856 2244 anno
1919 2187 2222 2244 millesimo

209 2323 680 2398 octingentesimo
722 2322 992 2378 vicesimo
1042 2327 1242 2377 octavo
1291 2321 1534 2394 scriptae,
1571 2323 2018 2377 Sainte-Beuve
2076 2338 2225 2394 prae-

208 2455 558 2512 locutionem
627 2454 796 2511 etiam
868 2454 1394 2529 (Avertissement)
1460 2453 1747 2526 praemisit.
1830 2453 1898 2507 Et
1990 2452 2226 2526 insuper

209 2587 417 2663 adjecit
490 2588 807 2662 fragmenta
899 2587 1113 2660 aliquot
1196 2605 1224 2641 e
1300 2585 1591 2641 volumine
1678 2584 1849 2639 altero
1931 2584 2218 2658 (OEuvres

209 2724 463 2780 choisies
526 2724 601 2778 de
654 2725 881 2778 Pierre
937 2723 1010 2776 de
1085 2719 1392 2790 Ronsard)
1464 2720 1744 2790 excerpta,
1807 2733 2030 2771 necnon
2093 2719 2221 2771 octo

209 2853 633 2910 dissertationes
725 2853 793 2909 de
867 2853 1051 2926 poetis
1137 2855 1234 2906 aut
1311 2850 1476 2905 rebus
1541 2849 1679 2904 sexti
1758 2848 1961 2903 decimi
2039 2847 2217 2903 seculi

150 3020 153 3021 ν
210 2987 536 3061 nuperrime
618 3006 651 3043 a
736 3006 793 3042 se
857 2986 1096 3059 scriptas
1166 2984 1520 3056 (Mamm-in
1565 2981 1838 3051 Rdym'er
1889 2985 1946 3036 et
2000 2980 2214 3036 Andre}

212 3120 501 3191 Chdnier,
552 3121 835 3177 Joachtm
889 3119 974 3174 du
1032 3119 1270 3186 Bellay,
1326 3118 1481 3170 Jecm
1549 3117 1830 3182 Bertaut,
1914 3114 1997 3167 du
2065 3114 2224 3168 Bar-

210 3259 321 3325 tae,
370 3256 665 3324 Philippe
735 3255 1075 3321 Desportes‚
1137 3247 1463 3304 Anacreon
1526 3264 1609 3303 au
1660 3249 1818 3302 XVIe
1885 3248 2084 3314 siecle,
2137 3247 2221 3302 De

211 3389 449 3459 l'esprit
513 3389 587 3444 de
661 3388 885 3442 ‘malice
932 3400 1015 3439 au
1093 3385 1207 3438 bon
1285 3384 1475 3436 vieuoe
1538 3385 1748 3450 tempo,
1831 3380 2090 3435 Clotilde
2144 3380 2211 3433 de

283 3653 336 3704 (l)
367 3653 478 3701 Quod
501 3658 636 3703 restat,
658 3641 814 3692 silentio
843 3650 1095 3703 praetermitto
1121 3649 1299 3688 volumen
1327 3647 1504 3696 alterurn,
1531 3657 1619 3686 cum
1646 3651 1683 3685 et
1708 3643 1895 3695 operibus
1920 3642 2078 3682 selectis
2099 3648 2223 3694 poetae

203 3727 383 3768 Rousnn
406 3733 529 3767 totum
552 3726 759 3772 tribuatur,
787 3731 825 3764 et
848 3736 870 3763 a
891 3723 1028 3763 critico
1054 3723 1226 3772 MotAun,
1253 3722 1355 3762 notis
1373 3720 1513 3761 additis
1526 3718 1832 3770 lectionibusque
1856 3716 1975 3756 variis
2000 3715 2225 3765 recognitis,

205 3800 314 3854 apud
346 3800 598 3852 bibliopolam
623 3799 792 3840 Gumtn
814 3798 958 3839 editum
983 3797 1044 3837 sit.
