2808 4412
1392 339 1660 391 -10-

506 500 828 571 Surville).
896 495 1075 552 Multa
1144 493 1387 567 denique
1458 492 1783 549 emendavit
1868 493 2018 550 sieut
2092 493 2216 568 ipse
2296 497 2538 551 testatus

511 634 650 688 est:
714 650 737 685 «
794 630 918 685 J'az·
1003 629 1315 695 beaucoup
1380 625 1556 695 revu,
1629 628 1942 696 beaucoup
2041 626 2280 698 ve’rifie,
2340 632 2535 698 quant

510 774 642 814 aum
708 758 859 827 faits·
927 754 1000 808 de
1088 751 1283 808 de’tail
1361 756 1421 808 et
1482 769 1615 809 auoe
1684 753 2171 822 particularites
2259 755 2407 837 dont
2478 770 2544 811 ee

511 898 704 955 yeure
760 881 1121 949 d'ouvrayes
1190 878 1423 934 abonde
1450 898 1478 930 2>
1520 878 1623 951 (1).
1740 877 1850 934 Hie
1914 878 2090 952 igitur
2172 878 2375 935 tertius
2454 883 2541 935 est

509 1017 718 1083 textUS,
784 1011 881 1085 qui
937 1009 1199 1084 priorum
1247 1009 1542 1066 dissimilis
1590 1013 1725 1066 est:
1789 1011 1856 1067 G.

580 1146 758 1220 Cujus
833 1143 1100 1201 editionis
1178 1143 1239 1198 in
1309 1143 1745 1218 praelocutione,
1829 1145 2208 1219 profitebatur
2297 1147 2546 1203 Sainte-

505 1283 710 1337 Beuve
775 1297 834 1334 se
907 1277 1044 1332 hine
1119 1275 1241 1350 jam
1318 1295 1464 1351 opus
1534 1278 1815 1334 intactum
1890 1282 2255 1335 servaturum
2343 1297 2467 1335 esse
2531 1298 2541 1335 :

513 1432 538 1468 «
565 1413 689 1469 J'az·
741 1411 827 1468 du
877 1411 1235 1467 m’arreter.
1303 1413 1430 1468 Une
1473 1414 1825 1469 correction
1873 1415 2021 1482 plus
2065 1416 2443 1470 minutieuse
2481 1417 2544 1469 et

500 1546 753 1618 pou-§see
809 1548 953 1615 plus
1008 1549 1199 1602 avant
1252 1549 1470 1618 serait,
1519 1546 1669 1618 j'ose
1741 1548 1796 1602 le
1850 1547 2014 1617 dire,
2065 1547 2219 1603 daus
2268 1512 2543 1604 l'iuteret

508 1682 583 1737 de
643 1697 787 1737 mou
848 1696 1363 1751 amour-propre,
1426 1682 1635 1750 plutot
1701 1697 1816 1751 que
1882 1681 2037 1737 daus
2106 1682 2270 1754 celui
2338 1683 2414 1738 de
2488 1683 2551 1738 la

508 1817 783 1886 question
846 1813 1165 1871 litteraire
1235 1817 1604 1871 elle-meme.
1670 1818 1752 1871 Le
1806 1831 1934 1885 peu
1990 1815 2263 1872 d'utilite
2318 1832 2434 1887 que
2482 1832 2548 1873 oe

516 1951 676 2006 livre
730 1954 886 2019 peut
941 1953 1142 2021 avoir,
1210 1953 1266 2006 le
1350 1953 1513 2020 petit
1573 1952 1834 2007 nombre
1901 1952 1976 2006 de
2035 1968 2181 2007 vues
2238 1953 2551 2008 nouvelles

511 2082 661 2153 qu'il
707 2087 831 2139 met
874 2100 952 2140 en
1018 2085 1308 2154 Zumiere,
1388 2086 1438 2139 il
1495 2085 1579 2139 les
1627 2086 1814 2153 porte
1856 2086 2311 2154 suffisammeut
2361 2086 2546 2140 ainsi.

513 2217 704 2277 Qu’ou
749 2234 827 2273 eu
876 2220 1107 2287 profite
1170 2219 1326 2275 douo
1385 2221 1444 2274 et
1491 2213 1672 2288 qu'ou
1723 2221 1883 2288 fasse
1933 2220 2228 2274 mieuoe—>›
2267 2217 2370 2292 (1).
2434 2216 2545 2274 Sed

513 2348 776 2424 religiose
832 2349 1075 2425 diligens
1126 2355 1190 2407 ut
1238 2353 1359 2406 erat
1414 2354 1640 2422 natura,
1694 2364 1811 2407 non
1851 2351 2040 2426 potuit
2090 2350 2248 2425 quin,
2310 2350 2553 2424 quibus-

510 2482 643 2539 dam
701 2483 845 2539 forte
916 2483 1232 2540 immutatis
1321 2486 1420 2539 aut
1488 2483 1716 2555 additis,
1773 2502 1919 2558 opus
1986 2484 2262 2562 continuo
2310 2459 2547 2558 perfice*-

514 2620 617 2673 ret.
699 2617 1011 2691 Postquam
1087 2620 1280 2674 autem
1348 2620 1593 2673 mortem
1672 2616 1835 2688 obiit,
1917 2617 2102 2673 fidelis
2171 2617 2551 2692 epistularum

513 2750 907 2825 librorumque
971 2751 1096 2826 ejus
1144 2751 1603 2822 scribendorum,
1677 2751 1944 2825 idemque
2001 2751 2188 2821 hereS,
2255 2754 2550 2824 Troubat,

517 2885 768 2959 repperit
815 2886 1215 2943 adnotationes
1269 2886 1548 2960 quasdam
1586 2885 1850 2952 ineditaS,
1905 2903 2049 2960 quas
2090 2888 2547 2943 Sainte-Beuve

517 3020 750 3094 propria
813 3039 988 3078 manu
1072 3021 1454 3095 adscripserat
1509 3020 1570 3076 in
1628 3021 1744 3077 duo
1802 3020 2150 3095 exemplaria
2203 3021 2338 3077 libri
2402 3039 2553 3077 anno

520 3153 956 3211 MDCCCLXIII
1030 3154 1186 3212 edit-i.
1270 3155 1408 3210 Haec
1488 3158 1679 3211 autem
1752 3154 2100 3229 exemplaria
2172 3154 2243 3211 ad
2299 3155 2554 3211 futuram

522 3286 831 3343 editionem
886 3287 1166 3344 edendam
1221 3288 1521 3346 emendata
1575 3292 1770 3357 erant;
1832 3307 2005 3363 quam
2059 3288 2182 3363 ipse
2225 3287 2557 3363 procuravit

598 3753 651 3804 (ι)
675 3753 841 3805 video,
871 3755 927 3802 3;
958 3755 1014 3807 L,
1047 3755 1079 3803 1,
1104 3755 1153 3796 2.

599 3849 655 3901 (2)
681 3849 781 3891 und.
