2808 4412
1457 346 1520 356 ..
1555 289 1622 370 1'6
1655 345 1719 354 ..

580 482 781 536 rentur
832 478 952 552 (1);
1004 508 1074 517 —-
1140 472 1406 546 denique,
1466 490 1622 541 cum,
1661 470 1982 528 litterarum
2045 469 2238 526 studio
2299 458 2500 545 captus
2551 472 2611 527 et

574 630 634 668 se
717 610 788 666 ad
867 607 1090 682 poesim
1166 607 1367 661 natum
1449 603 1803 674 existimans,
1863 601 2036 659 simul
2102 601 2484 658 admiratione
2553 605 2609 658 et

574 742 938 800 aemulatione
987 706 1260 794 incensus
1293 739 1462 807 esset,
1517 736 1681 793 lectis
1730 734 2445 819 celeberrimorumrillius
2466 736 2608 790 tem-

574 875 732 950 poris
762 877 1060 948 poetarum
1113 873 1456 942 Delaviyne
1483 873 1539 926 et
1576 873 1944 927 Lamartine
1997 868 2298 938 versibus;
2335 900 2409 913 -
2444 867 2605 924 nullo

574 1007 744 1064 modo
777 1006 899 1063 fieri
965 1008 1190 1080 poterat
1253 1003 1393 1078 quin
1448 1004 1918 1062 *Sainte-Beuve
1962 1002 2168 1059 litteris
2233 1001 2491 1059 colendis
2551 1019 2612 1059 sc

572 1142 731 1197 daret
760 1139 850 1196 vel
912 1138 1103 1213 potius
1163 1157 1223 1195 se
1272 1137 1406 1194 dare
1471 1156 1819 1212 magnopere
1867 1136 2034 1194 vellet
2087 1135 2186 1212 (2).
2257 1135 2359 1192 Dis
2419 1138 2613 1192 autem

572 1274 735 1331 aliter
768 1275 980 1331 visum.

649 1410 777 1484 Ipse
806 1407 1078 1465 enim'de
1120 1409 1341 1480 Joseph
1366 1409 1658 1464 Delorme
1719 1409 1915 1463 narrat
1981 1406 2324 1462 «rationem
2383 1405 2529 1480 ejuS‚
2580 1425 2614 1462 a

572 1542 820 1618 pueritia
912 1540 1187 1616 gravibus
1271 1539 1549 1596 institutis
1662 1540 2062 1596 confirmatam
2149 1542 2205 1595 et
2285 1538 2615 1596 vehementi

586 1674 972 1750 cognoscendi
1044 1692 1237 1730 amore
1316 1673 1543 1744 fultam,
1616 1673 1880 1729 obnisam
1950 1691 2074 1729 esse
2136 1675 2342 1748 sponte
2411 1672 2616 1730 studiis

580 1811 704 1886 ejus
730 1809 788 1865 in
815 1793 1058 1883 poesimss
1074 1811 1242 1882 atque
1262 1826 1327 1863 ea
1351 1807 1430 1864 ita
1448 1807 1857 1882 compressisse
1883 1809 1947 1864 ut
1970 1806 2155 1882 lyram
2174 1807 2296 1882 ipse
2317 1806 2616 1882 confrege-

571 1944 649 1999 rit
680 1963 704 1998 ›>
734 1942 966 2018 (3).Nec
996 1942 1302 2017 quisquam
1318 1941 1575 2017 profecto
1608 1942 1795 1999 nescit
1815 1941 2051 1999 nomine
2070 1944 2292 2013 Joseph
2325 1943 2618 1998 Delorme

573 2076 864 2133 neminem
906 2076 1019 2132 nisi
1067 2075 1406 2150 scriptorem
1461 2078 1727 2132 nostrum
1784 2075 2018 2150 signari.
2064 2075 2426 2132 Juvenilibus
2462 2075 2618 2132 enim

578 2210 743 2266 annis
799 2209 858 2264 in
907 2209 1150 2284 collegio
1196 2210 1430 2278 exactiS‚
1491 2212 1625 2266 cum
1684 2209 2022 2266 necessitate
2085 2209 2381 2284 quaerendi
2427 2209 2618 2266 victus

575 2342 968 2417 impelleretur
1010 2361 1237 2399 necnon
1292 2342 1711 2417 cognoscendae
1763 2361 1958 2400 rerum
2001 2345 2221 2400 naturae
2258 2343 2623 2419 colendaeque

583 2476 839 2533 historiae
897 2476 1175 2533 naturalis
1229 2476 1493 2534 curiosus
1564 2480 1733 2549 esset,
1821 2496 1888 2533 ac
1957 2478 2278 2552 praesertim
2335 2497 2368 2534 a
2437 2481 2619 2536 matre

579 2610 797 2680 sedula,
885 2610 978 2667 cui
1035 2629 1186 2667 curae
1248 2613 1369 2667 erat
1440 2610 1565 2685 ejus
1640 2629 1766 2667 sors
1831 2614 1887 2667 et
1946 2611 2142 2668 futura
2210 2611 2349 2684 vita,
2413 2612 2619 2669 acriter

579 2744 934 2813 incitaretur,
965 2744 1165 2801 statuit
1198 2747 1378 2800 artem
1426 2744 1696 2802 medendi
1727 2764 2018 2815 exercere3
2070 2746 2266 2821 itaque
2312 2747 2374 2803 in
2422 2746 2623 2804 schola

651 3138 706 3190 (1)
736 3138 829 3179 Vide
855 3138 1035 3186 Pmnnor,
1062 3138 1208 3189 Recueil
1236 3140 1278 3179 de
1298 3140 1475 3187 discours,
1502 3140 1727 3190 narrations,
1771 3140 1907 3185 lettres,
1934 3139 2036 3180 lieux
2077 3151 2282 3192 communs,
2311 3141 2621 3194 developpements

577 3212 810 3263 historiques,
830 3217 917 3260 etc„
942 3217 1124 3266 composes
1146 3225 1216 3266 par
1237 3214 1287 3254 tes
1303 3214 1417 3254 eleves
1444 3214 1488 3254 de
1511 3213 1745 3255 l'Universite
1766 3215 1952 3266 moderno,
1983 3215 2082 3255 suive
2098 3213 2190 3255 d’un
2215 3215 2324 3256 choix
2346 3216 2390 3256 de
2409 3227 2490 3256 vers
2509 3216 2622 3257 latins

578 3287 806 3340 (micheae,
834 3288 965 3341 1831).

655 3376 708 3427 (2)
739 3376 834 3417 Vide
861 3377 1051 3425 ΜιοιιΑυτ,
1071 3377 1343 3417 Sainte-Beuve
1365 3382 1478 3418 avant
1506 3378 1556 3418 les
1582 3378 1736 3426 Lundis,
1759 3390 1846 3432 cap.
1867 3379 1919 3420 11.

656 3470 712 3522 (3)
741 3470 834 3511 Vide
859 3471 999 3511 Poesies
1038 3471 1244 3523 compleres,
1266 3472 1297 3519 1,
1323 3471 1357 3513 8
1383 3483 1397 3510 .·
1435 3483 1455 3510 «
1485 3472 1534 3511 Sa
1561 3473 1701 3519 raison,
1747 3474 1901 3523 sortifiee
1924 3474 1986 3514 des
2026 3474 2207 3524 l'ensance
2247 3485 2318 3526 ραν
2341 3473 2404 3513 des
2430 3472 2621 3514 habitantes

578 3546 752 3584 serieuses
776 3550 809 3584 et
829 3551 1006 3585 soutenue
1024 3546 1134 3586 d‘une
1158 3546 1336 3585 immense
1351 3547 1525 3586 curiosite
1547 3547 1787 3599 scientifique,
1813 3547 1946 3588 s’eleva
1963 3548 2218 3589 d'elle-meme
2253 3553 2376 3589 contre
2391 3549 2442 3589 les
2461 3548 2620 3588 inclina-

579 3619 672 3657 tions
695 3619 742 3658 du
766 3622 866 3670 poete
887 3632 986 3671 pour
1006 3620 1054 3660 les
1079 3620 1261 3672 dompter.
1294 3620 1374 3659 Eue
1400 3620 1454 3660 lui
1495 3621 1604 3671 parta
1635 3622 1804 3661 l'auslere
1827 3622 1980 3673 lanyaye
2003 3623 2091 3662 d'un
2114 3628 2216 3675 pere,
2240 3623 2294 3663 lui
2337 3626 2546 3675 representa
2572 3623 2624 3662 tes

579 3692 750 3731 illusimus
774 3694 816 3733 de
842 3694 875 3732 la
899 3694 1025 3745 ylowe,
1055 3694 1105 3733 les
1121 3695 1261 3734 vanites
1288 3694 1332 3733 de
1352 3693 1641 3745 l'imayination,
1665 3708 1705 3735 sa
1728 3707 1860 3748 propre
1879 3697 2062 3736 condition
2085 3698 2118 3737 si
2136 3698 2315 3738 mediocre
2332 3702 2367 3737 et
2386 3698 2421 3738 si
2441 3697 2621 3750 precaire,

583 3765 829 3806 l'incertitude
851 3768 912 3807 des
937 3772 1051 3820 temps
1079 3772 1111 3807 et
1133 3768 1175 3807 de
1200 3772 1314 3807 toutes
1336 3772 1439 3819 parts
1469 3773 1602 3809 autour
1623 3770 1666 3809 de
1689 3769 1744 3810 lui
1763 3770 1824 3810 des
1847 3782 2013 3810 menaces
2036 3771 2080 3810 de
2097 3771 2320 3811 revolutions
2336 3770 2535 3812 nouvelles.
2549 3770 2625 3815 Que

586 3839 680 3887 faire
701 3840 810 3880 d'une
837 3841 921 3892 tyre
947 3853 992 3881 en
1016 3853 1073 3881 ces
1086 3843 1191 3893 jours
1208 3841 1352 3893 d'oraqe
1371 3840 1390 3881 ‘3
1413 3842 1450 3882 ta
1466 3842 1547 3894 tyre
1565 3844 1624 3893 sut
1644 3843 1759 3885 brisee
1779 3857 1815 3885 ».
