2808 4412
1113 308 1376 362 ...39-

230 460 372 517 lade
416 462 472 515 et
513 459 814 534 rondeau)
862 459 1162 515 historiam
1212 480 1416 535 parum
1463 467 1818 538 perspectam
1858 465 2250 540 habuisse(1).

231 589 424 648 Nihilo
482 591 670 647 secius
718 594 908 665 partes
958 591 1083 664 ejus
1145 594 1422 666 sequitur.
1490 596 1612 651 Hoc
1668 597 1820 652 enim
1886 601 2138 666 auctore,
2192 599 2251 653 in

236 722 418 798 capite
480 722 633 796 quod
687 723 872 796 primo
922 723 1014 780 die
1070 726 1281 782 mensis
1339 727 1689 801 Septembris
1746 728 1943 800 edidit,
1993 729 2252 786 invectus

231 858 318 912 est
391 856 451 911 in
525 859 721 930 poetas
793 856 934 912 sexti
1014 857 1220 914 decimi
1297 859 1495 929 seculi,
1571 861 1723 934 quod
1810 861 2253 936 intemperanter

231 988 396 1046 novis
444 989 615 1045 rebus
668 988 1022 1046 studuissent
1079 1009 1090 1059 ;
1148 990 1331 1047 fusius
1402 991 1815 1050 demonstravit
1868 994 1996 1051 illos
2076 995 2136 1050 in
2183 1014 2249 1051 eo

159 1189 163 1192 q
229 1120 728 1197 reprehendendos
786 1139 908 1177 esse
956 1122 1108 1196 quod
1163 1124 1397 1180 modum
1445 1124 1599 1181 haud
1657 1127 2086 1183 servavissent:

316 1370 413 1418 Les
467 1370 686 1418 lauriers
752 1371 1032 1419 d'Athenes
1110 1380 1161 1420 et
1203 1374 1269 1420 de
1310 1375 1470 1421 Rome
1538 1376 1858 1422 soulevaient
1926 1388 2012 1422 ces
2068 1377 2251 1436 jeunes

228 1489 484 1522 coeurs....
530 1475 605 1522 Ils
648 1475 867 1522 allaient
920 1478 1086 1523 meme
1119 1478 1334 1539 jasqa'd
1388 1480 1636 1539 me‘priser
1690 1493 1775 1526 ces
1837 1480 2074 1526 humbles
2121 1480 2252 1526 mais

224 1579 500 1640 piqaantes
534 1579 864 1638 productions
912 1580 983 1626 du
1025 1581 1212 1626 terroir
1254 1582 1478 1641 gaulois.
1499 1615 1532 1628 ..
1578 1583 1652 1629 La
1690 1583 1908 1628 frivolite
1935 1582 2028 1628 des
2067 1585 2248 1642 poetes

223 1681 455 1740 franc-ais
503 1695 567 1727 ne
608 1682 720 1728 leur
764 1682 1005 1742 inspirait
1051 1684 1196 1730 aussi
1240 1685 1424 1744 qu'une
1470 1686 1570 1731 fort
1616 1685 1872 1732 mediocre
1925 1685 2148 1732 estimo:
2186 1685 2250 1730 ils

223 1784 277 1831 la
337 1785 603 1846 Jugeaient
647 1785 718 1831 du
767 1786 892 1831 haut
925 1786 990 1832 de
1030 1787 1141 1832 leur
1186 1787 1457 1842 erudition‚
1505 1793 1555 1833 et
1602 1802 1664 1834 ne
1709 1802 1763 1835 se
1804 1789 2132 1836 soaoenaient
2150 1802 2247 1848 pas

221 1901 370 1935 assez
411 1902 512 1948 que
555 1895 686 1935 cette
732 1888 953 1934 frivolite
992 1889 1264 1936 diminuait
1298 1891 1363 1936 de
1393 1893 1511 1950 J'our
1550 1905 1613 1938 en
1650 1893 1771 1952 jour
1815 1898 1866 1938 et
1901 1905 1999 1952 que
2044 1891 2098 1938 la
2127 1891 2247 1951 poe-

225 1991 301 2039 sie
346 1992 524 2038 n’etait
560 1992 686 2052 deja
725 1993 843 2051 plus
878 2006 977 2038 une
1021 1994 1204 2053 simple
1248 1994 1427 2040 affaire
1470 1994 1535 2041 de
1569 1996 1780 2041 cabaret
1821 2009 1886 2041 ou
1931 1995 1996 2041 de
2033 1994 2241 2040 salon...

222 2095 299 2143 La
342 2095 562 2142 reson-me
607 2110 671 2142 en
723 2111 792 2142 un
838 2103 946 2143 mot
987 2096 1356 2143 s'introduisait
1394 2111 1495 2157 peu
1542 2100 1574 2143 a
1612 2112 1714 2158 peu
1777 2099 1911 2144 dans
1953 2098 2006 2144 la
2046 2098 2243 2159 poesie,

148 2214 151 2217 ¹
225 2203 277 2245 et
314 2197 390 2245 les
430 2197 662 2245 hommes
702 2199 791 2259 qui
836 2199 887 2245 la
932 2199 1229 2246 cultivaient
1271 2213 1335 2246 ne
1388 2201 1636 2247 restaient
1695 2207 2034 2247 aucunement
2082 2200 2248 2246 ‹Stran-

223 2317 342 2365 gers
386 2317 454 2350 au
510 2310 834 2350 mouvement
882 2303 1214 2350 intellectuel.
1281 2303 1414 2350 C’est
1454 2318 1510 2349 ce
1570 2304 1943 2363 qa'ozzblierent
2004 2308 2117 2363 trop
2166 2303 2243 2349 les

221 2409 404 2470 ieunes
446 2407 692 2468 disciples
735 2408 800 2454 de
842 2408 1147 2467 l'antiquite.
1203 2407 1448 2453 Colorant
1493 2407 1630 2453 leurs
1683 2407 1934 2467 pre'J‘age‘s
1993 2405 2242 2452 d’erudits

221 2509 288 2556 de
322 2515 489 2557 tontes
527 2509 604 2556 les
650 2509 885 2556 illasione
929 2510 995 2556 de
1041 2510 1092 2554 la
1132 2511 1375 2569 jeunesse
1418 2516 1469 2555 et
1512 2509 1581 2555 du
1626 2509 1969 2569 patriotisme,
2017 2508 2082 2553 ils
2131 2521 2244 2567 pro-

219 2614 499 2660 nonc‘erent
540 2613 665 2674 qu'il
702 2613 966 2659 n'existait
1006 2613 1113 2659 rien
1149 2626 1212 2659 en
1254 2612 1448 2658 France
1487 2619 1538 2658 et
1574 2625 1630 2658 se
1668 2611 1949 2671 promirent
1994 2611 2058 2656 de
2101 2612 2244 2657 creer

222 2721 382 2763 tout..
401 2750 413 2762 .
443 2717 514 2776 (2)

223 2950 467 3008 Difficile
523 2951 651 3026 quis
707 2950 897 3007 credat
967 2950 1130 3007 illum
1185 2952 1516 3007 Pleiadum
1575 2951 1763 3022 partes
1824 2947 2240 3003 inconsiderate

222 3083 431 3140 fovisse
507 3084 606 3158 qui
645 3083 782 3139 talia
832 3084 1122 3140 scriberet.

298 3216 631 3273 Proximum
677 3220 864 3273 autem
925 3219 1095 3291 caput
1161 3219 1290 3289 post
1355 3214 1558 3287 viginti
1620 3213 1759 3282 dies,
1826 3212 1915 3267 die
1970 3212 2242 3270 vicesimo

227 3350 440 3406 mensis
482 3350 851 3424 SeptembriS,
923 3349 1073 3423 typis
1140 3346 1534 3403 tantummodo
1593 3346 1925 3402 mandatum
1996 3348 2097 3401 cst.
2173 3346 2244 3399 Et

326 3638 381 3691 (1)
405 3638 500 3680 Vide
523 3639 580 3692 L,
602 3639 635 3691 1,
659 3639 778 3681 153.

328 3735 383 3788 (2)
437 3736 530 3778 ’fido
568 3737 629 3778 G.
665 3760 708 3768 ·—
755 3736 874 3777 Istius
918 3736 992 3776 loci
1031 3735 1206 3787 quaedam
1245 3733 1358 3774 verba
1393 3736 1539 3774 mutata
1572 3735 1663 3771 sum
1698 3729 1738 3770 in
1780 3728 1830 3778 S,
1873 3726 1955 3778 56,
2004 3727 2056 3778 G,
2101 3725 2168 3767 46
2212 3732 2251 3766 et

223 3808 278 3855 L,
301 3808 333 3861 1,
358 3808 450 3851 82.
