2808 4412
1078 329 1306 380 -5—

163 473 458 531 constituti
506 478 660 545 sunt,
689 475 864 532 libros
910 478 1090 551 ipSOS,
1126 482 1379 554 primum
1426 502 1578 539 anno
1633 485 1935 542 millesimo
1998 489 2183 543 octin-

162 605 479 680 gentesimo
571 606 1007 681 quadragesimo
1092 613 1283 683 tertio,
1355 619 1553 687 postea
1642 635 1792 672 anno
1875 618 2180 676 millesimo

167 736 638 811 octingentesimo
687 741 1040 813 sexagesimo
1090 747 1315 814 octav0,
1365 747 1514 820 typis
1561 748 1879 806 mandatos

236 867 426 926 Prima
485 873 676 927 autem
736 873 945 946 specie,
998 874 1059 929 in
1120 874 1266 932 libro
1339 878 1437 950 qui
1506 882 1776 937 Tableau
1831 881 2182 955 inscribitur,

165 1019 283 1058 non
308 1000 536 1058 videtur
561 1002 743 1078 *fuisse
775 1005 874 1060 ubi
906 1006 1086 1062 critici
1127 1009 1306 1063 nostri
1353 1013 1407 1065 et
1445 1010 1694 1084 ingenua
1726 1017 1780 1069 et
1813 1014 1983 1071 simul
2018 1016 2188 1072 affec-

159 1141 277 1195 tata
350 1137 638 1194 mobilitas
718 1138 1019 1194 manifesta
1085 1146 1402 1214 appareret.
1477 1143 1795 1218 Scriptores
1877 1147 2051 1218 enim,
2108 1149 2176 1204 de

161 1271 370 1346 quibus
446 1270 791 1344 disputatur,
854 1270 969 1327 fere
1039 1275 1322 1328 trecentos
1391 1293 1571 1330 annos
1627 1276 1749 1349 jam
1817 1278 1934 1333 vita
2002 1279 2183 1336 functi

163 1405 381 1460 erant:
464 1404 529 1459 ut
603 1401 700 1457 vix
803 1402 1000 1458 credas
1085 1403 1145 1459 in
1239 1405 1494 1462 animum
1571 1408 1717 1481 ejuS,
1790 1429 1922 1466 cum
1997 1411 2184 1467 lenem

164 1537 220 1591 et
287 1533 358 1590 ad
436 1519 714 1590 amicitias
785 1535 1180 1608 suscipiendas
1261 1556 1531 1611 pronum,
1612 1543 1734 1596 tum
1811 1542 2042 1598 mollem
2107 1543 2176 1598 ad

159 1666 580 1742 suscipiendam
671 1667 1064 1738 offensionem,
1150 1669 1279 1724 illos
1381 1674 1476 1726 aut
1558 1671 1815 1728 vividum
1924 1692 2177 1731 amorem

166 1799 494 1871 immisisse,
562 1804 662 1856 aut
712 1800 1071 1857 iracundiam
1148 1801 1457 1876 odiumque
1519 1804 1848 1876 incussisse,
1915 1825 2042 1880 quae
2114 1808 2183 1863 ab

159 1932 494 2007 aequalibus»,
541 1934 1073 2004 Chateaubriand,
1116 1937 1214 1990 aut
1259 1937 1459 2006 Huyo,
1507 1939 1604 1992 aut
1649 1940 2039 2008 LamennaiS‚
2083 1943 2180 1995 aut

168 2068 364 2154 Yiqny
455 2066 726 2140 percepit.
822 2065 983 2122 Certe
1069 2084 1252 2139 neque
1336 2086 1466 2123 cum
1555 2070 1793 2125 mortuis
1867 2072 2174 2141 Romami,

162 2200 247 2256 du
303 2201 524 2270 Bellay
593 2202 648 2254 et
726 2201 885 2269 Ba'z'f
952 2198 1394 2254 consuetudines
1466 2199 1617 2270 fecit,
1697 2219 1837 2274 quas
1895 2201 2176 2276 interrup-

158 2335 247 2388 tas
324 2334 405 2406 (et
485 2331 716 2406 quidem
793 2351 897 2388 sua
974 2331 1153 2406 ipsius
1232 2331 1417 2406 culpa>
1491 2351 1639 2405 aegre
1714 2333 1925 2403 ferret;
1996 2352 2182 2408 neque

160 2463 377 2521 invidia
480 2466 763 2534 aestuavit,
864 2463 1102 2519 infensis
1194 2463 1652 2519 aemulationibus
1751 2464 1899 2520 inter
1989 2466 2178 2539 ipsum

158 2601 214 2654 et
242 2597 385 2669 ,illos
430 2598 710 2654 exercitis,
754 2596 916 2652 Adde
967 2596 1119 2670 quod
1168 2596 1401 2652 materia
1451 2596 1576 2670 ipsa
1632 2596 1701 2651 ad
1749 2597 1937 2653 nullas
1981 2598 2181 2654 attinet

157 2730 552 2788 contentiones
591 2730 701 2786 nisi
750 2730 818 2786 de
860 2729 1083 2798 litteris,
1129 2747 1259 2784 cum
1303 2729 1362 2783 in
1414 2728 1612 2783 formis
1661 2728 1884 2785 dicendi
1926 2733 2178 2786 tantum-

162 2862 335 2920 modo
389 2867 648 2920 versatus
703 2862 796 2932 sit,
856 2861 1299 2934 disserueritque
1344 2860 1512 2916 unice
1549 2860 1617 2916 de
1685 2864 1802 2916 arte
1860 2860 2084 2918 dicendi
2125 2866 2181 2917 et

161 2995 422 3052 versibus
472 2994 880 3070 componendis
936 2998 992 3048 et
1058 2993 1308 3048 numeris
1365 3010 1569 3047 canore
1610 2992 1998 3065 disponendis
2038 2994 2180 3060 Quae

164 3146 295 3185 cum
356 3129 436 3185 ita
506 3129 638 3199 sint,
720 3128 856 3184 dum
933 3125 1314 3200 philosophiae
1396 3143 1576 3198 neque
1647 3124 1935 3179 doctrinas
1999 3144 2180 3199 neque

159 3266 444 3338 praecepta
490 3262 682 3336 agitat,
735 3260 803 3315 de
865 3259 1071 3333 quibus
1129 3258 1276 3313 inter
1342 3275 1401 3312 se
1477 3256 1851 3330 repugnantia
1918 3257 2173 3313 vicissim

163 3395 388 3452 locutus
442 3398 527 3451 est
574 3398 672 3450 aut
713 3393 910 3448 saltem
966 3389 1248 3447 contrarie
1306 3389 1499 3455 sensit,
1552 3387 1842 3443 sententiae
1913 3389 2061 3444 inter
2122 3408 2180 3445 se

162 3527 454 3585 discordes
502 3531 599 3583 aut
647 3526 821 3582 verba
857 3526 980 3599 ipsa
1015 3524 1162 3578 inter
1207 3540 1265 3576 se
1301 3519 1676 3594 repugnantia
1715 3519 1980 3576 videntur
2026 3520 2178 3576 haud

162 3658 326 3716 facile
388 3658 629 3715 inveniri
676 3656 972 3730 notarique
1024 3671 1211 3729 posse.
1263 3653 1459 3725 Itaque
1514 3655 1677 3726 putes
1735 3669 1851 3706 non
1906 3670 2028 3707 esse
2076 3671 2177 3709 cur

163 3791 294 3848 libri
349 3791 624 3852 editiones
672 3790 972 3864 diligenter
1018 3785 1501 3860 introspiciamus
