2808 4412
1136 309 1399 362 ...11—

257 461 530 517 Troubat
592 459 743 534 apud
801 460 1170 531 bibliopolam
1230 466 1523 520 Lemerre
1598 464 1701 537 (1),
1778 462 1834 537 (2
1894 465 2013 519 vol.
2065 466 2252 534 ‘ln-16,
2335 446 2342 450 ⁷

254 595 495 650 lim-437
537 598 594 649 et
651 595 763 663 418
808 592 972 666 pp.)
1026 592 1153 660 Qua
1200 614 1355 650 nunc
1411 595 1654 669 legimus
1712 598 1928 652 textum
1981 598 2250 669 quartum

254 727 311 781 et
350 724 472 798 jam
524 723 940 780 immutabilem
998 725 1226 798 operis:
1293 726 1357 781 L.

328 856 470 924 Quae
533 874 664 912 cum
731 856 809 911 ita
879 857 1012 926 sint,
1055 860 1209 930 patet
1283 862 1573 914 auctorem
1607 861 2051 916 Sainte-Beuve
2120 877 2265 932 opus

253 989 670 1063 (imperfectum
727 987 978 1062 quidem,
1028 988 1246 1044 ultimis
1293 990 1549 1064 partibus
1597 990 1853 1046 nondum
1895 990 2256 1064 conscriptis)

255 1120 510 1177 emisisse
556 1121 828 1195 primum,
891 1120 980 1179 hjs
1045 1122 1397 1195 temporibus
1459 1123 1598 1196 ipsis
1654 1122 1860 1196 quibus
1914 1122 2266 1178 romantico-

254 1272 384 1310 rum
436 1252 713 1309 doctrinis
781 1272 847 1308 ac
909 1253 1223 1327 disciplinae
1284 1255 1362 1309 ita
1423 1273 1545 1311 sese
1617 1255 1786 1310 dabat
1846 1259 1910 1311 ut
1958 1254 2146 1310 studio
2201 1254 2262 1309 in

259 1385 379 1442 dies
450 1385 666 1440 acriore
737 1385 1195 1451 incenderetur3
1288 1420 1360 1428 —
1435 1387 1696 1460 idemque
1771 1406 1916 1460 opus
1999 1388 2079 1460 (et
2142 1386 2264 1460 jam

256 1517 488 1592 quidem
546 1517 885 1591 perfectum)
910 1518 1116 1574 iterum
1165 1519 1439 1589 emisisse,
1500 1539 1630 1575 cum
1663 1519 2054 1575 doctrinarum
2088 1519 2261 1574 disci-

254 1649 537 1726 plinaeque
587 1650 1035 1707 romanticorum
1091 1669 1283 1707 amore
1337 1652 1602 1725 flagraret
1665 1650 1964 1716 maximo;
2018 1683 2088 1691 -
2152 1654 2264 1706 ter-

255 1783 402 1840 tium
467 1783 620 1840 idem
686 1802 831 1858 opus
902 1784 991 1839 his
1070 1786 1233 1840 annis
1307 1785 1562 1841 emisisse
1629 1785 1858 1858 quibuS,
1926 1787 2088 1840 aetate
2149 1784 2269 1858 jam

256 1918 500 1988 firmata,
587 1920 643 1973 et
713 1917 1021 1973 maturiore
1100 1917 1353 1992 ingenio,
1423 1922 1478 1973 et
1551 1917 1903 1991 juvenilibus
1978 1916 2270 1972 erroribus

260 2068 609 2124 quamquam
641 2049 739 2105 diu
782 2049 1046 2106 dulcibus
1100 2050 1330 2106 demum
1377 2049 1667 2123 depositiS,
1689 2052 1970 2122 praecepta
2004 2048 2264 2121 quaedam

261 2182 450 2240 media
510 2183 619 2239 sibi
682 2183 894 2258 fingere
962 2184 1294 2251 conabatur,
1353 2182 1560 2256 quibus
1603 2181 2046 2255 conjungeretur
2103 2178 2268 2252 quid-

260 2317 397 2392 quid
451 2317 735 2374 laudabile
801 2317 1119 2391 praeberent
1183 2320 1238 2371 et
1284 2316 1652 2371 classicorum
1714 2318 1768 2370 et
1820 2313 2268 2369 romanticorum

262 2450 537 2507 doctrinae
563 2449 993 2524 disciplinaeque
1016 2467 1028 2517 ;
1061 2482 1134 2490 —
1151 2451 1416 2521 quartum
1442 2447 1684 2520 denique
1725 2450 1779 2501 et
1802 2445 2090 2515 ultimum,
2120 2444 2271 2500 idem

262 2600 408 2657 opus
462 2601 578 2639 non
633 2581 888 2638 emisisse
942 2580 1172 2654 quidem
1228 2579 1325 2635 sed
1382 2582 1715 2635 retractasse
1763 2580 1912 2633 certe
1977 2579 2042 2632 ut
2125 2575 2283 2631 emit-

262 2718 498 2786 teretur,
554 2734 687 2771 cum
751 2715 819 2770 de
880 2713 1080 2769 litteris
1127 2713 1405 2767 rationem
1459 2709 1870 2766 immutabilem
1919 2711 2267 2782 sequeretur.

266 2847 430 2905 Unde
492 2847 555 2902 fit
608 2851 673 2903 ut
719 2847 847 2902 libri
913 2849 1182 2902 Tableau
1268 2846 1341 2900 de
1405 2847 1467 2899 Za
1527 2843 1728 2913 poesie
1790 2844 2107 2912 franpaise
2194 2856 2278 2897 au

266 2985 425 3038 XVIe
483 2984 665 3040 siecle
723 2980 1003 3054 inscripti,
1063 2979 1235 3035 variis
1304 2976 1643 3033 lectionibus
1710 2974 2036 3047 recognitiS,
2111 2972 2274 3046 quasi

374 3502 428 3554 (¹)
458 3502 552 3543 vido
572 3501 614 3548 L,
636 3501 668 3550 1,
698 3501 743 3541 Μ
767 3513 779 3541 :
801 3515 823 3538 «
846 3501 878 3541 11
900 3512 946 3539 ne
973 3512 1065 3539 nous
1100 3503 1194 3538 reste
1214 3498 1298 3549 plus
1332 3508 1401 3547 que
1421 3495 1592 3546 quelques
1617 3498 1708 3532 mols
1732 3495 1754 3532 ὰ
1789 3492 1882 3538 dire,
1914 3503 2008 3543 pour
2034 3502 2217 3530 annoncer
2244 3490 2280 3530 la

271 3577 437 3616 nouvelle
460 3576 596 3616 edition
617 3575 661 3614 de
691 3579 744 3614 cel
765 3587 933 3625 ouvraye.
970 3573 1068 3613 Nous
1090 3586 1114 3624 y
1137 3583 1247 3611 avons
1272 3572 1343 3620 scil
1366 3574 1488 3608 entrer
1515 3572 1629 3607 toules
1654 3568 1703 3606 les
1725 3566 1958 3605 annotations
1984 3566 2227 3604 manuscriles
2249 3568 2283 3604 el

272 3649 425 3691 ineditas
447 3662 517 3702 que
542 3649 826 3690 Suum-Banu
864 3649 962 3687 avait
985 3647 1128 3686 laissees
1151 3658 1214 3684 sur
1250 3645 1346 3683 deux
1369 3642 1609 3693 ememplaires
1647 3641 1689 3679 de
1714 3639 1875 3679 l'editlon
1898 3638 1940 3677 cle
1986 3636 2107 3684 1843,
2138 3637 2175 3677 la
2201 3637 2285 3678 der-

271 3724 372 3763 niere
392 3724 416 3762 ὰ
455 3723 612 3774 laquelle
633 3723 663 3763 il
700 3724 799 3762 avait
825 3722 943 3761 donne
969 3732 1025 3759 ses
1066 3719 1179 3758 soins.
1220 3717 1282 3756 Ces
1313 3717 1408 3756 deux
1435 3715 1674 3766 exemplaires
1697 3714 1842 3753 avaient
1875 3712 1930 3750 e‘le
1954 3714 2121 3762 properes
2147 3722 2193 3750 en
2218 3722 2287 3750 vue

268 3796 378 3837 d’une
400 3797 526 3846 future
551 3796 709 3837 edition:
737 3796 820 3835 c'esl
847 3795 935 3834 celle
958 3805 1027 3844 que
1043 3804 1135 3832 nous
1158 3792 1323 3831 donnons
1342 3787 1596 3838 aujourd'hui,
1620 3792 1654 3826 et
1678 3786 1747 3826 elle
1773 3797 1855 3825 sera
1885 3784 2080 3843 definitive.
2110 3797 2134 3822 »
