2762 4316
1114 265 1380 318 „79-

321 414 471 461 Ainsi
505 414 574 462 du
618 421 727 462 mot
767 415 834 463 de
862 416 1023 476 Bayle
1067 430 1155 462 sur
1179 417 1350 463 Marot
1379 432 1390 464 ε
1418 433 1448 464 «
1478 418 1577 464 Les
1625 420 1802 479 poetes
1848 418 1914 465 de
1956 418 2008 465 18
2048 418 2257 465 Pleiade

235 523 355 571 sont
376 517 442 564 de
464 518 542 564 fer
580 532 644 566 en
689 519 1054 579 comparaison
1100 519 1164 565 de
1208 520 1426 566 celui-la.
1476 537 1498 563 »
1525 521 1644 578 Oui,
1690 522 1736 568 si
1783 535 1849 568 on
1893 521 1970 568 les
2011 528 2259 582 parcourt

232 622 266 667 a
287 621 416 668 livre
438 628 620 668 ouvert
644 629 696 669 et
720 622 1055 683 legerement3
1092 637 1213 680 non,
1237 623 1283 668 si
1307 637 1373 669 on
1406 638 1470 670 en
1503 625 1644 671 hrise
1682 625 1892 672 l’ecorce
1925 632 1976 672 et
2007 626 2161 685 qu’on
2179 626 2255 672 les

233 724 408 772 etudie
430 725 519 785 (1).

305 916 629 973 Romantioi
685 916 931 991 denique
976 917 1037 972 in
1085 918 1343 988 modum,
1373 918 1538 992 juvat
1575 938 1707 975 eum
1761 938 2077 976 memorare
2129 940 2257 995 quae

235 1048 344 1104 sibi
391 1049 529 1104 vitio
594 1050 663 1104 ab
709 1051 978 1119 Ampere
1053 1068 1218 1106 versa
1281 1050 1397 1105 sint
1452 1069 1462 1106 :
1535 1051 1697 1124 quasi
1755 1070 1924 1108 suum
1972 1055 2260 1110 Ronsard

234 1200 352 1238 non
409 1181 546 1237 satis
610 1200 955 1256 magnopere
1000 1181 1346 1238 laudavisset
1389 1184 1504 1255 (2);
1551 1187 1649 1239 aut
1698 1202 1978 1257 exponere
2032 1203 2258 1241 summo

236 1332 377 1371 cum-
444 1314 637 1370 favore
714 1314 991 1388 quidquid
1050 1318 1213 1371 vetus
1293 1319 1460 1388 poeta
1535 1315 1603 1371 de
1659 1315 1877 1374 Gallica
1955 1316 2118 1390 poesi
2206 1320 2263 1372 et

235 1444 426 1503 soluta
489 1446 745 1502 oratione
799 1446 1160 1503 secernendis
1209 1447 1478 1503 sensisset
1521 1469 1532 1503 ε

322 1651 564 1699 Ronsard
604 1653 766 1699 tenait
803 1658 964 1699 avant
985 1659 1099 1699 tout
1133 1654 1166 1698 8
1207 1666 1467 1712 marquer,
1500 1655 1532 1698 a
1585 1653 1770 1699 etablir
1825 1654 1878 1699 la
1921 1654 2262 1701 delimitation

237 1762 382 1803 entre
427 1755 480 1802 18
517 1755 693 1816 poesie
739 1761 791 1802 et
831 1756 884 1802 18
925 1770 1078 1816 prose
1115 1757 1373 1814 franeaise
1408 1771 1419 1803 :
1453 1757 1489 1802 il
1526 1757 1603 1804 les
1639 1758 1843 1818 appelle
1881 1759 2103 1818 quelque
2144 1765 2266 1819 part

235 1859 374 1906 deux
396 1859 658 1905 mortelles
685 1860 963 1906 ennemies.
990 1859 1128 1906 C’est
1170 1860 1217 1905 le
1250 1860 1500 1906 contraire
1523 1860 1588 1906 de
1612 1861 1663 1907 la
1698 1860 1894 1908 theorie
1925 1861 1989 1908 de
2014 1861 2260 1919 Voltaire,

187 1948 190 1950 ’
230 1962 454 2023 laquelle
498 1976 531 2008 a
573 1962 806 2022 prevalu.
851 1980 871 2005 α
900 1962 1236 2008 Voulez·vous
1274 1963 1448 2008 savoir
1492 1964 1537 2008 si
1569 1963 1662 2009 des
1710 1978 1828 2010 vers
1883 1964 2108 2022 franeais
2146 1970 2263 2010 sont

233 2067 366 2114 bons
383 2066 410 2112 ἱ)
434 2072 617 2113 mettez
639 2066 715 2112 les
741 2080 804 2112 en
827 2080 1001 2126 prose.
1038 2066 1374 2112 Voulez·vous
1415 2066 1590 2112 savoir
1627 2067 1672 2111 si
1692 2081 1759 2112 un
1787 2067 2015 2113 cavalier
2052 2074 2132 2114 est
2154 2068 2259 2114 bon

235 2168 462 2215 cavalier
483 2170 511 2216 ⁸?
533 2169 787 2215 mettez·le
813 2171 845 2214 a
869 2169 1011 2228 pied.
1048 2187 1069 2210 »
1111 2169 1347 2215 Ronsard
1373 2169 1569 2215 voulait
1592 2170 1719 2216 faire
1745 2169 1810 2216 de
1846 2171 1898 2216 18
1922 2170 2101 2230 poesie
2123 2171 2262 2230 quel-

237 2272 393 2319 chose
411 2272 476 2319 de
507 2272 775 2332 superieur
795 2272 902 2318 ala
938 2286 1092 2332 prose
1114 2278 1165 2318 et
1195 2272 1260 2318 de
1292 2278 1403 2318 tout
1442 2272 1678 2318 different
1704 2287 1715 2318 ε
1749 2273 1786 2318 il
1808 2273 1892 2319 n'a
1923 2288 2021 2333 pas
2063 2273 2254 2321 reussi.

236 2377 311 2423 La
334 2376 522 2437 langue
560 2375 803 2436 poetique
835 2375 1092 2433 franeaise
1120 2375 1202 2421 n'a
1239 2375 1432 2434 Jamais
1479 2389 1548 2434 pu
1583 2390 1680 2434 par
1703 2382 1917 2435 rapport
1963 2378 1996 2420 8
2030 2376 2082 2422 18
2106 2390 2264 2436 prose

235 2478 448 2527 devenir
469 2494 539 2526 un
564 2479 772 2535 balcon3
802 2479 919 2525 chez
944 2478 1225 2533 Malherbe‚
1253 2478 1372 2524 chez
1396 2478 1625 2535 Boileau,
1660 2478 1754 2525 elle
1774 2478 1906 2525 n’est
1928 2485 2041 2525 tout
2065 2493 2134 2525 au
2147 2479 2264 2539 plus

237 2582 392 2644 qu’un
412 2584 634 2629 trottoir.
660 2584 734 2628 En
751 2582 958 2642 parlant
982 2582 1133 2638 ainsi,
1165 2583 1217 2642 ie
1239 2581 1348 2627 suis
1384 2582 1522 2628 tente
1548 2584 1580 2628 a
1604 2582 1806 2643 chaque
1834 2588 1943 2628 mot
1967 2582 2031 2628 de
2057 2582 2267 2628 deman-

236 2686 330 2734 der
353 2685 557 2747 pardon
575 2685 711 2733 dela
745 2685 922 2732 liber-te
944 2686 1147 2746 grande
1163 2684 1247 2743 (3).

313 2903 424 2961 Sed
473 2902 520 2959 si
584 2902 710 2977 quis
770 2900 1074 2976 perlegerit
1135 2900 1242 2957 hos
1286 2919 1484 2956 omnes
1539 2900 1695 2957 locos
1770 2900 1979 2974 quibus
2029 2908 2262 2962 Sainte-

238 3041 433 3095 Beuve
482 3037 776 3107 tamquam
831 3032 1214 3088 romanticum
1274 3049 1334 3087 se
1388 3031 1643 3105 gesserit,
1681 3032 1838 3087 hune
1891 3030 2046 3087 haud
2081 3031 2262 3105 fugiet

239 3185 385 3240 quos
439 3166 590 3222 intra
654 3166 796 3221 fines
853 3164 1088 3220 criticus
1160 3163 1350 3219 studia
1400 3163 1715 3219 romantica
1781 3162 2047 3236 coegerit.
2106 3161 2264 3218 Nihil

242 3298 498 3373 profecto
543 3298 612 3355 de
660 3297 927 3353 laudibus
969 3295 1214 3352 detrahit
1263 3295 1472 3368 quibus
1514 3298 1681 3351 antea
1712 3298 1940 3369 poetam
1979 3295 2267 3351 Ronsard

349 3571 408 3624 (1)
435 3570 531 3612 vide
555 3568 608 3623 Ο,
631 3569 699 3612 75
718 3569 851 3611 adnot.
878 3574 917 3610 et
940 3569 997 3616 L,
1027 3568 1060 3616 1,
1088 3566 1205 3618 132,
1231 3565 1364 3607 adnot.

349 3667 403 3719 (2)
430 3667 525 3708 Vide
547 3667 602 3718 Ο,
631 3666 696 3708 ’16
715 3665 847 3706 adnot.
866 3671 904 3706 et
931 3665 987 3716 1..,
1013 3664 1045 3710 1,
1071 3662 1173 3705 134
1199 3662 1331 3702 adnot.

345 3761 401 3814 (3)
429 3762 525 3803 Vide
541 3762 594 3814 G,
620 3761 688 3804 ⁷7
717 3760 851 3802 adnot.
869 3766 909 3801 et
927 3759 984 3808 L,
1009 3759 1041 3807 1,
1061 3757 1163 3800 135
1182 3757 1315 3798 adnot.
