<?xml version="1.0" encoding="UTF-8"?>
<!DOCTYPE html PUBLIC "-//W3C//DTD XHTML 1.0 Transitional//EN"
    "http://www.w3.org/TR/xhtml1/DTD/xhtml1-transitional.dtd">
<html xmlns="http://www.w3.org/1999/xhtml" xml:lang="en" lang="en">
 <head>
  <title>
</title>
<meta http-equiv="Content-Type" content="text/html;charset=utf-8" />
  <meta name='ocr-system' content='tesseract 3.04.00' />
  <meta name='ocr-capabilities' content='ocr_page ocr_carea ocr_par ocr_line ocrx_word'/>
</head>
<body>
  <div class='ocr_page' id='page_1' title='image "./quibusrationibus00michuoft_0092.png"; bbox 0 0 2762 4316; ppageno 0'>
   <div class='ocr_carea' id='block_1_1' title="bbox 1351 332 1615 385">
    <p class='ocr_par' dir='ltr' id='par_1_1' title="bbox 1351 332 1615 385">
     <span class='ocr_line' id='line_1_1' title="bbox 1351 332 1615 385; baseline -0.004 -16"><span class='ocrx_word' id='word_1_1' title='bbox 1351 332 1615 385; x_wconf 79' lang='grc'>-84-</span> 
     </span>
    </p>
   </div>
   <div class='ocr_carea' id='block_1_2' title="bbox 464 484 2506 651">
    <p class='ocr_par' dir='ltr' id='par_1_2' title="bbox 464 484 2506 651">
     <span class='ocr_line' id='line_1_2' title="bbox 465 484 2506 546; baseline -0.003 -9"><span class='ocrx_word' id='word_1_2' title='bbox 465 498 516 537; x_wconf 88' lang='lat' dir='ltr'><strong>et</strong></span> <span class='ocrx_word' id='word_1_3' title='bbox 539 490 632 538; x_wconf 86' lang='lat' dir='ltr'><strong>des</strong></span> <span class='ocrx_word' id='word_1_4' title='bbox 655 489 857 545; x_wconf 84' lang='lat' dir='ltr'><strong>haineS,</strong></span> <span class='ocrx_word' id='word_1_5' title='bbox 872 487 997 534; x_wconf 90' lang='lat' dir='ltr'><strong>dont</strong></span> <span class='ocrx_word' id='word_1_6' title='bbox 1019 487 1072 532; x_wconf 86' lang='lat' dir='ltr'><strong>la</strong></span> <span class='ocrx_word' id='word_1_7' title='bbox 1094 491 1214 546; x_wconf 86' lang='lat' dir='ltr'><strong>part</strong></span> <span class='ocrx_word' id='word_1_8' title='bbox 1235 491 1483 546; x_wconf 85' lang='lat' dir='ltr'><strong>pourtant</strong></span> <span class='ocrx_word' id='word_1_9' title='bbox 1507 491 1589 533; x_wconf 89' lang='lat' dir='ltr'><strong>est</strong></span> <span class='ocrx_word' id='word_1_10' title='bbox 1611 484 1808 546; x_wconf 79' lang='lat' dir='ltr'><strong>grande</strong></span> <span class='ocrx_word' id='word_1_11' title='bbox 1832 484 1954 532; x_wconf 91' lang='lat' dir='ltr'><strong>chez</strong></span> <span class='ocrx_word' id='word_1_12' title='bbox 1981 497 2040 532; x_wconf 89' lang='lat' dir='ltr'><strong>ce</strong></span> <span class='ocrx_word' id='word_1_13' title='bbox 2061 484 2191 532; x_wconf 90' lang='lat' dir='ltr'><strong>rude</strong></span> <span class='ocrx_word' id='word_1_14' title='bbox 2216 490 2269 532; x_wconf 90' lang='lat' dir='ltr'><strong>et</strong></span> <span class='ocrx_word' id='word_1_15' title='bbox 2291 484 2506 533; x_wconf 89' lang='lat' dir='ltr'><strong>brillant</strong></span> 
     </span>
     <span class='ocr_line' id='line_1_3' title="bbox 464 589 1488 651; baseline -0.008 -8"><span class='ocrx_word' id='word_1_16' title='bbox 464 594 603 643; x_wconf 74' lang='lat' dir='ltr'><strong>aieul</strong></span> <span class='ocrx_word' id='word_1_17' title='bbox 621 594 687 641; x_wconf 90' lang='lat' dir='ltr'><strong>de</strong></span> <span class='ocrx_word' id='word_1_18' title='bbox 711 592 956 639; x_wconf 78' lang='lat' dir='ltr'>Madame</span> <span class='ocrx_word' id='word_1_19' title='bbox 976 589 1043 637; x_wconf 86' lang='lat' dir='ltr'><strong>de</strong></span> <span class='ocrx_word' id='word_1_20' title='bbox 1063 589 1366 637; x_wconf 85' lang='lat' dir='ltr'><strong>Maintenon</strong></span> <span class='ocrx_word' id='word_1_21' title='bbox 1391 589 1488 651; x_wconf 92' lang='lat'>(1).</span> 
     </span>
    </p>
   </div>
   <div class='ocr_carea' id='block_1_3' title="bbox 463 834 518 886">
    <p class='ocr_par' dir='ltr' id='par_1_3' title="bbox 463 834 518 886">
     <span class='ocr_line' id='line_1_4' title="bbox 463 834 518 886; baseline 0 0"><span class='ocrx_word' id='word_1_22' title='bbox 463 834 518 886; x_wconf 86' lang='lat' dir='ltr'><strong>et</strong></span> 
     </span>
    </p>
   </div>
   <div class='ocr_carea' id='block_1_4' title="bbox 542 1075 2497 1138">
    <p class='ocr_par' dir='ltr' id='par_1_4' title="bbox 542 1075 2497 1138">
     <span class='ocr_line' id='line_1_5' title="bbox 542 1075 2497 1138; baseline -0.001 -15"><span class='ocrx_word' id='word_1_23' title='bbox 542 1078 675 1124; x_wconf 87' lang='lat' dir='ltr'><strong>Tout</strong></span> <span class='ocrx_word' id='word_1_24' title='bbox 698 1090 757 1124; x_wconf 90' lang='lat' dir='ltr'><strong>ce</strong></span> <span class='ocrx_word' id='word_1_25' title='bbox 777 1076 906 1124; x_wconf 82' lang='lat' dir='ltr'><strong>recit</strong></span> <span class='ocrx_word' id='word_1_26' title='bbox 926 1082 1006 1123; x_wconf 93' lang='lat' dir='ltr'><strong>est</strong></span> <span class='ocrx_word' id='word_1_27' title='bbox 1028 1090 1101 1123; x_wconf 90' lang='lat' dir='ltr'><strong>un</strong></span> <span class='ocrx_word' id='word_1_28' title='bbox 1123 1089 1227 1136; x_wconf 88' lang='lat' dir='ltr'><strong>peu</strong></span> <span class='ocrx_word' id='word_1_29' title='bbox 1253 1076 1452 1137; x_wconf 69' lang='lat' dir='ltr'><strong>poetise&#39;</strong></span> <span class='ocrx_word' id='word_1_30' title='bbox 1477 1089 1544 1123; x_wconf 84' lang='lat' dir='ltr'><strong>en</strong></span> <span class='ocrx_word' id='word_1_31' title='bbox 1559 1077 1755 1138; x_wconf 73' lang='lat' dir='ltr'><strong>faveat·</strong></span> <span class='ocrx_word' id='word_1_32' title='bbox 1777 1076 1838 1123; x_wconf 87' lang='lat' dir='ltr'><strong>de</strong></span> <span class='ocrx_word' id='word_1_33' title='bbox 1870 1076 2068 1124; x_wconf 83' lang='lat' dir='ltr'><strong>Jodelle</strong></span> <span class='ocrx_word' id='word_1_34' title='bbox 2100 1076 2191 1137; x_wconf 90' lang='lat' dir='ltr'><strong>qui</strong></span> <span class='ocrx_word' id='word_1_35' title='bbox 2232 1090 2298 1123; x_wconf 91' lang='lat' dir='ltr'><strong>ne</strong></span> <span class='ocrx_word' id='word_1_36' title='bbox 2340 1075 2497 1124; x_wconf 77' lang='lat' dir='ltr'><strong>valait</strong></span> 
     </span>
    </p>
   </div>
   <div class='ocr_carea' id='block_1_5' title="bbox 449 1187 780 1243">
    <p class='ocr_par' dir='ltr' id='par_1_5' title="bbox 449 1187 780 1243">
     <span class='ocr_line' id='line_1_6' title="bbox 449 1187 780 1243; baseline -0.006 -14"><span class='ocrx_word' id='word_1_37' title='bbox 449 1195 544 1243; x_wconf 83' lang='lat' dir='ltr'><strong>pas</strong></span> <span class='ocrx_word' id='word_1_38' title='bbox 571 1187 683 1228; x_wconf 82' lang='lat' dir='ltr'><strong>tant</strong></span> <span class='ocrx_word' id='word_1_39' title='bbox 687 1214 780 1228; x_wconf 92' lang='grc'><strong>.....</strong></span> 
     </span>
    </p>
   </div>
   <div class='ocr_carea' id='block_1_6' title="bbox 522 1417 2504 1489">
    <p class='ocr_par' dir='ltr' id='par_1_6' title="bbox 522 1417 2504 1489">
     <span class='ocr_line' id='line_1_7' title="bbox 522 1417 2504 1489; baseline -0.001 -12"><span class='ocrx_word' id='word_1_40' title='bbox 522 1420 650 1489; x_wconf 84' lang='lat' dir='ltr'><strong>Qua</strong></span> <span class='ocrx_word' id='word_1_41' title='bbox 718 1419 780 1474; x_wconf 89' lang='lat' dir='ltr'><strong>in</strong></span> <span class='ocrx_word' id='word_1_42' title='bbox 866 1417 1236 1476; x_wconf 81' lang='lat' dir='ltr'>adnotatione</span> <span class='ocrx_word' id='word_1_43' title='bbox 1322 1419 1392 1476; x_wconf 90' lang='lat' dir='ltr'><strong>de</strong></span> <span class='ocrx_word' id='word_1_44' title='bbox 1478 1420 1713 1476; x_wconf 79' lang='lat' dir='ltr'><strong>Jodelle</strong></span> <span class='ocrx_word' id='word_1_45' title='bbox 1792 1419 1916 1475; x_wconf 85' lang='lat' dir='ltr'><strong>haec</strong></span> <span class='ocrx_word' id='word_1_46' title='bbox 1999 1418 2170 1475; x_wconf 88' lang='lat' dir='ltr'><strong>etiam</strong></span> <span class='ocrx_word' id='word_1_47' title='bbox 2258 1417 2504 1479; x_wconf 82' lang='lat' dir='ltr'>addebat</span> 
     </span>
    </p>
   </div>
   <div class='ocr_carea' id='block_1_7' title="bbox 445 1560 927 1616">
    <p class='ocr_par' dir='ltr' id='par_1_7' title="bbox 445 1560 927 1616">
     <span class='ocr_line' id='line_1_8' title="bbox 445 1560 927 1616; baseline -0.004 0"><span class='ocrx_word' id='word_1_48' title='bbox 445 1560 879 1616; x_wconf 72' lang='lat' dir='ltr'><strong>Sainte-Beuve</strong></span> <span class='ocrx_word' id='word_1_49' title='bbox 916 1570 927 1607; x_wconf 72' lang='grc' dir='ltr'>ἰ</span> 
     </span>
    </p>
   </div>
   <div class='ocr_carea' id='block_1_8' title="bbox 443 1821 2498 1990">
    <p class='ocr_par' dir='ltr' id='par_1_8' title="bbox 443 1821 2498 1990">
     <span class='ocr_line' id='line_1_9' title="bbox 532 1821 2498 1884; baseline 0.001 -13"><span class='ocrx_word' id='word_1_50' title='bbox 532 1823 615 1871; x_wconf 93' lang='lat' dir='ltr'><strong>On</strong></span> <span class='ocrx_word' id='word_1_51' title='bbox 650 1823 784 1870; x_wconf 88' lang='lat' dir='ltr'><strong>n&#39;est</strong></span> <span class='ocrx_word' id='word_1_52' title='bbox 825 1822 1018 1883; x_wconf 85' lang='lat' dir='ltr'><strong>jamais</strong></span> <span class='ocrx_word' id='word_1_53' title='bbox 1063 1821 1241 1868; x_wconf 85' lang='lat' dir='ltr'><strong>mieux</strong></span> <span class='ocrx_word' id='word_1_54' title='bbox 1278 1822 1402 1883; x_wconf 74' lang='lat' dir='ltr'><strong>juge</strong></span> <span class='ocrx_word' id='word_1_55' title='bbox 1445 1837 1547 1884; x_wconf 90' lang='lat' dir='ltr'><strong>que</strong></span> <span class='ocrx_word' id='word_1_56' title='bbox 1592 1837 1689 1883; x_wconf 89' lang='lat' dir='ltr'><strong>par</strong></span> <span class='ocrx_word' id='word_1_57' title='bbox 1733 1837 1818 1870; x_wconf 87' lang='lat' dir='ltr'><strong>ses</strong></span> <span class='ocrx_word' id='word_1_58' title='bbox 1867 1824 1999 1870; x_wconf 90' lang='lat' dir='ltr'><strong>amis</strong></span> <span class='ocrx_word' id='word_1_59' title='bbox 2038 1825 2337 1872; x_wconf 77' lang='lat' dir='ltr'><strong>litteraires.</strong></span> <span class='ocrx_word' id='word_1_60' title='bbox 2363 1825 2498 1872; x_wconf 87' lang='lat' dir='ltr'><strong>Mais</strong></span> 
     </span>
     <span class='ocr_line' id='line_1_10' title="bbox 443 1923 2495 1990; baseline 0.001 -15"><span class='ocrx_word' id='word_1_61' title='bbox 443 1927 556 1975; x_wconf 87' lang='lat' dir='ltr'><strong>cela</strong></span> <span class='ocrx_word' id='word_1_62' title='bbox 581 1927 690 1975; x_wconf 90' lang='lat' dir='ltr'><strong>s’en</strong></span> <span class='ocrx_word' id='word_1_63' title='bbox 708 1943 777 1974; x_wconf 88' lang='lat' dir='ltr'><strong>va</strong></span> <span class='ocrx_word' id='word_1_64' title='bbox 803 1933 1024 1974; x_wconf 88' lang='lat' dir='ltr'><strong>souvent</strong></span> <span class='ocrx_word' id='word_1_65' title='bbox 1044 1940 1109 1974; x_wconf 89' lang='lat' dir='ltr'><strong>en</strong></span> <span class='ocrx_word' id='word_1_66' title='bbox 1132 1927 1290 1987; x_wconf 85' lang='lat' dir='ltr'><strong>petits</strong></span> <span class='ocrx_word' id='word_1_67' title='bbox 1311 1934 1466 1983; x_wconf 81' lang='lat' dir='ltr'><strong>motS‚</strong></span> <span class='ocrx_word' id='word_1_68' title='bbox 1492 1928 1668 1974; x_wconf 87' lang='lat' dir='ltr'><strong>tandis</strong></span> <span class='ocrx_word' id='word_1_69' title='bbox 1686 1941 1787 1989; x_wconf 89' lang='lat' dir='ltr'><strong>que</strong></span> <span class='ocrx_word' id='word_1_70' title='bbox 1807 1928 1883 1975; x_wconf 92' lang='lat' dir='ltr'><strong>les</strong></span> <span class='ocrx_word' id='word_1_71' title='bbox 1899 1923 2078 1990; x_wconf 76' lang='lat' dir='ltr'><strong>&#39;eloges</strong></span> <span class='ocrx_word' id='word_1_72' title='bbox 2101 1930 2256 1977; x_wconf 80' lang='lat' dir='ltr'><strong>ecrits</strong></span> <span class='ocrx_word' id='word_1_73' title='bbox 2277 1937 2495 1989; x_wconf 85' lang='lat' dir='ltr'><strong>restent,</strong></span> 
     </span>
    </p>
   </div>
   <div class='ocr_carea' id='block_1_9' title="bbox 443 2031 1321 2093">
    <p class='ocr_par' dir='ltr' id='par_1_9' title="bbox 443 2031 1321 2093">
     <span class='ocr_line' id='line_1_11' title="bbox 443 2031 1321 2093; baseline -0.002 -14"><span class='ocrx_word' id='word_1_74' title='bbox 443 2038 495 2079; x_wconf 90' lang='lat' dir='ltr'><strong>et</strong></span> <span class='ocrx_word' id='word_1_75' title='bbox 526 2033 579 2079; x_wconf 88' lang='lat' dir='ltr'><strong>la</strong></span> <span class='ocrx_word' id='word_1_76' title='bbox 602 2032 852 2093; x_wconf 79' lang='lat' dir='ltr'><strong>posterite</strong></span> <span class='ocrx_word' id='word_1_77' title='bbox 879 2045 936 2078; x_wconf 91' lang='lat' dir='ltr'><strong>se</strong></span> <span class='ocrx_word' id='word_1_78' title='bbox 960 2031 1211 2092; x_wconf 74' lang='lat' dir='ltr'><strong>meprend</strong></span> <span class='ocrx_word' id='word_1_79' title='bbox 1235 2032 1321 2091; x_wconf 86' lang='lat'><em>(2).</em></span> 
     </span>
    </p>
   </div>
   <div class='ocr_carea' id='block_1_10' title="bbox 443 2267 2496 2746">
    <p class='ocr_par' dir='ltr' id='par_1_10' title="bbox 443 2267 2496 2746">
     <span class='ocr_line' id='line_1_12' title="bbox 518 2267 2496 2344; baseline 0.002 -18"><span class='ocrx_word' id='word_1_80' title='bbox 518 2269 596 2326; x_wconf 86' lang='lat' dir='ltr'><strong>At</strong></span> <span class='ocrx_word' id='word_1_81' title='bbox 649 2287 836 2344; x_wconf 88' lang='lat' dir='ltr'><strong>neque</strong></span> <span class='ocrx_word' id='word_1_82' title='bbox 894 2267 1093 2326; x_wconf 86' lang='lat' dir='ltr'><strong>laudes</strong></span> <span class='ocrx_word' id='word_1_83' title='bbox 1154 2267 1360 2337; x_wconf 89' lang='lat' dir='ltr'><strong>voluit,</strong></span> <span class='ocrx_word' id='word_1_84' title='bbox 1420 2286 1563 2343; x_wconf 89' lang='lat' dir='ltr'><strong>quas</strong></span> <span class='ocrx_word' id='word_1_85' title='bbox 1622 2268 1744 2343; x_wconf 89' lang='lat' dir='ltr'><strong>ipse</strong></span> <span class='ocrx_word' id='word_1_86' title='bbox 1815 2274 2198 2341; x_wconf 83' lang='lat' dir='ltr'><strong>concesserat,</strong></span> <span class='ocrx_word' id='word_1_87' title='bbox 2251 2271 2496 2330; x_wconf 86' lang='lat' dir='ltr'><strong>intactas</strong></span> 
     </span>
     <span class='ocr_line' id='line_1_13' title="bbox 443 2401 2494 2479; baseline 0.002 -19"><span class='ocrx_word' id='word_1_88' title='bbox 443 2421 777 2478; x_wconf 87' lang='lat' dir='ltr'><strong>permanere</strong></span> <span class='ocrx_word' id='word_1_89' title='bbox 836 2421 849 2459; x_wconf 90' lang='lat'>:</span> <span class='ocrx_word' id='word_1_90' title='bbox 938 2402 1142 2459; x_wconf 81' lang='lat' dir='ltr'><strong>recidit</strong></span> <span class='ocrx_word' id='word_1_91' title='bbox 1222 2401 1452 2477; x_wconf 83' lang='lat' dir='ltr'><strong>igitur;</strong></span> <span class='ocrx_word' id='word_1_92' title='bbox 1539 2420 1724 2477; x_wconf 89' lang='lat' dir='ltr'><strong>neque</strong></span> <span class='ocrx_word' id='word_1_93' title='bbox 1809 2406 1998 2475; x_wconf 85' lang='lat' dir='ltr'><strong>notas,</strong></span> <span class='ocrx_word' id='word_1_94' title='bbox 2071 2423 2213 2479; x_wconf 90' lang='lat' dir='ltr'><strong>quas</strong></span> <span class='ocrx_word' id='word_1_95' title='bbox 2301 2406 2494 2464; x_wconf 88' lang='lat' dir='ltr'><strong>animo</strong></span> 
     </span>
     <span class='ocr_line' id='line_1_14' title="bbox 443 2535 2487 2615; baseline 0.002 -21"><span class='ocrx_word' id='word_1_96' title='bbox 443 2540 807 2612; x_wconf 80' lang='lat' dir='ltr'><strong>conceperat,</strong></span> <span class='ocrx_word' id='word_1_97' title='bbox 887 2536 949 2591; x_wconf 91' lang='lat' dir='ltr'><strong>in</strong></span> <span class='ocrx_word' id='word_1_98' title='bbox 1010 2540 1213 2592; x_wconf 84' lang='lat' dir='ltr'><strong>tenues</strong></span> <span class='ocrx_word' id='word_1_99' title='bbox 1298 2553 1469 2592; x_wconf 90' lang='lat' dir='ltr'><strong>voces</strong></span> <span class='ocrx_word' id='word_1_100' title='bbox 1567 2535 1791 2593; x_wconf 88' lang='lat' dir='ltr'><strong>dilabi:</strong></span> <span class='ocrx_word' id='word_1_101' title='bbox 1871 2538 2194 2595; x_wconf 83' lang='lat' dir='ltr'><strong>enuntiavit</strong></span> <span class='ocrx_word' id='word_1_102' title='bbox 2291 2539 2487 2615; x_wconf 85' lang='lat' dir='ltr'><strong>igitur.</strong></span> 
     </span>
     <span class='ocr_line' id='line_1_15' title="bbox 445 2668 2492 2746; baseline 0.002 -19"><span class='ocrx_word' id='word_1_103' title='bbox 445 2671 767 2746; x_wconf 87' lang='lat' dir='ltr'><strong>Scripserat</strong></span> <span class='ocrx_word' id='word_1_104' title='bbox 821 2669 997 2740; x_wconf 90' lang='lat' dir='ltr'><strong>enim,</strong></span> <span class='ocrx_word' id='word_1_105' title='bbox 1065 2668 1230 2743; x_wconf 87' lang='lat' dir='ltr'><strong>quasi</strong></span> <span class='ocrx_word' id='word_1_106' title='bbox 1287 2668 1610 2726; x_wconf 85' lang='lat' dir='ltr'><strong>doctrinam</strong></span> <span class='ocrx_word' id='word_1_107' title='bbox 1676 2690 1708 2725; x_wconf 89' lang='lat' dir='ltr'><strong>a</strong></span> <span class='ocrx_word' id='word_1_108' title='bbox 1771 2673 2098 2730; x_wconf 75' lang='lat' dir='ltr'><strong>Malherbe</strong></span> <span class='ocrx_word' id='word_1_109' title='bbox 2168 2672 2364 2746; x_wconf 86' lang='lat' dir='ltr'><strong>latam,</strong></span> <span class='ocrx_word' id='word_1_110' title='bbox 2423 2692 2492 2731; x_wconf 87' lang='lat' dir='ltr'><strong>ex</strong></span> 
     </span>
    </p>
   </div>
   <div class='ocr_carea' id='block_1_11' title="bbox 446 2804 2226 2879">
    <p class='ocr_par' dir='ltr' id='par_1_11' title="bbox 446 2804 2226 2879">
     <span class='ocr_line' id='line_1_16' title="bbox 446 2804 2226 2879; baseline 0.002 -18"><span class='ocrx_word' id='word_1_111' title='bbox 446 2823 511 2862; x_wconf 91' lang='lat' dir='ltr'><strong>eo</strong></span> <span class='ocrx_word' id='word_1_112' title='bbox 567 2804 722 2879; x_wconf 90' lang='lat' dir='ltr'><strong>quod</strong></span> <span class='ocrx_word' id='word_1_113' title='bbox 769 2804 990 2861; x_wconf 81' lang='lat' dir='ltr'><strong>insulsa</strong></span> <span class='ocrx_word' id='word_1_114' title='bbox 1030 2821 1156 2860; x_wconf 90' lang='lat' dir='ltr'><strong>eam</strong></span> <span class='ocrx_word' id='word_1_115' title='bbox 1204 2807 1588 2861; x_wconf 87' lang='lat' dir='ltr'><strong>consecutura</strong></span> <span class='ocrx_word' id='word_1_116' title='bbox 1631 2808 1842 2876; x_wconf 87' lang='lat' dir='ltr'><strong>essent,</strong></span> <span class='ocrx_word' id='word_1_117' title='bbox 1901 2805 2226 2863; x_wconf 86' lang='lat' dir='ltr'><strong>refelleret:</strong></span> 
     </span>
    </p>
   </div>
   <div class='ocr_carea' id='block_1_12' title="bbox 442 3055 2488 3325">
    <p class='ocr_par' dir='ltr' id='par_1_12' title="bbox 442 3055 2488 3325">
     <span class='ocr_line' id='line_1_17' title="bbox 531 3055 2487 3127; baseline 0.002 -23"><span class='ocrx_word' id='word_1_118' title='bbox 531 3056 683 3104; x_wconf 88' lang='lat' dir='ltr'><strong>Cette</strong></span> <span class='ocrx_word' id='word_1_119' title='bbox 708 3055 1237 3127; x_wconf 22' lang='lat' dir='ltr'><strong>explicationnsimple</strong></span> <span class='ocrx_word' id='word_1_120' title='bbox 1269 3060 1321 3100; x_wconf 87' lang='lat' dir='ltr'><strong>et</strong></span> <span class='ocrx_word' id='word_1_121' title='bbox 1351 3061 1492 3102; x_wconf 84' lang='lat' dir='ltr'><strong>nette</strong></span> <span class='ocrx_word' id='word_1_122' title='bbox 1518 3069 1551 3102; x_wconf 87' lang='lat' dir='ltr'><strong>a</strong></span> <span class='ocrx_word' id='word_1_123' title='bbox 1573 3055 1670 3102; x_wconf 86' lang='lat' dir='ltr'><strong>fait</strong></span> <span class='ocrx_word' id='word_1_124' title='bbox 1712 3056 1944 3114; x_wconf 87' lang='lat' dir='ltr'><strong>fortune;</strong></span> <span class='ocrx_word' id='word_1_125' title='bbox 1970 3063 2085 3104; x_wconf 93' lang='lat' dir='ltr'><strong>tout</strong></span> <span class='ocrx_word' id='word_1_126' title='bbox 2130 3058 2177 3105; x_wconf 91' lang='lat' dir='ltr'><strong>le</strong></span> <span class='ocrx_word' id='word_1_127' title='bbox 2209 3058 2398 3107; x_wconf 88' lang='lat' dir='ltr'><strong>monde</strong></span> <span class='ocrx_word' id='word_1_128' title='bbox 2423 3073 2487 3107; x_wconf 89' lang='lat' dir='ltr'><strong>en</strong></span> 
     </span>
     <span class='ocr_line' id='line_1_18' title="bbox 443 3159 2488 3222; baseline 0.003 -17"><span class='ocrx_word' id='word_1_129' title='bbox 443 3160 641 3206; x_wconf 84' lang='lat' dir='ltr'><strong>France</strong></span> <span class='ocrx_word' id='word_1_130' title='bbox 667 3159 853 3220; x_wconf 89' lang='lat' dir='ltr'><strong>depuis</strong></span> <span class='ocrx_word' id='word_1_131' title='bbox 878 3159 1146 3206; x_wconf 87' lang='lat' dir='ltr'><strong>Malherbe</strong></span> <span class='ocrx_word' id='word_1_132' title='bbox 1169 3173 1202 3205; x_wconf 84' lang='lat' dir='ltr'><strong>a</strong></span> <span class='ocrx_word' id='word_1_133' title='bbox 1227 3160 1454 3219; x_wconf 89' lang='lat' dir='ltr'><strong>compris</strong></span> <span class='ocrx_word' id='word_1_134' title='bbox 1476 3167 1733 3206; x_wconf 88' lang='lat' dir='ltr'><strong>comment</strong></span> <span class='ocrx_word' id='word_1_135' title='bbox 1757 3174 1823 3206; x_wconf 92' lang='lat' dir='ltr'><strong>on</strong></span> <span class='ocrx_word' id='word_1_136' title='bbox 1843 3160 2084 3222; x_wconf 89' lang='lat' dir='ltr'><strong>fabrique</strong></span> <span class='ocrx_word' id='word_1_137' title='bbox 2107 3161 2155 3208; x_wconf 96' lang='lat' dir='ltr'><strong>le</strong></span> <span class='ocrx_word' id='word_1_138' title='bbox 2183 3175 2303 3209; x_wconf 84' lang='lat' dir='ltr'><strong>vers</strong></span> <span class='ocrx_word' id='word_1_139' title='bbox 2320 3179 2333 3221; x_wconf 92' lang='lat'>;</span> <span class='ocrx_word' id='word_1_140' title='bbox 2349 3169 2401 3210; x_wconf 89' lang='lat' dir='ltr'><strong>et</strong></span> <span class='ocrx_word' id='word_1_141' title='bbox 2421 3163 2488 3211; x_wconf 86' lang='lat' dir='ltr'><strong>de</strong></span> 
     </span>
     <span class='ocr_line' id='line_1_19' title="bbox 442 3263 2486 3325; baseline 0.002 -15"><span class='ocrx_word' id='word_1_142' title='bbox 442 3277 539 3309; x_wconf 89' lang='lat' dir='ltr'><strong>nos</strong></span> <span class='ocrx_word' id='word_1_143' title='bbox 559 3265 706 3323; x_wconf 83' lang='lat' dir='ltr'><strong>jours</strong></span> <span class='ocrx_word' id='word_1_144' title='bbox 732 3277 937 3321; x_wconf 86' lang='lat' dir='ltr'><strong>encore,</strong></span> <span class='ocrx_word' id='word_1_145' title='bbox 961 3264 999 3310; x_wconf 83' lang='lat' dir='ltr'><strong>il</strong></span> <span class='ocrx_word' id='word_1_146' title='bbox 1019 3269 1096 3310; x_wconf 80' lang='lat' dir='ltr'><strong>est</strong></span> <span class='ocrx_word' id='word_1_147' title='bbox 1125 3263 1320 3310; x_wconf 83' lang='lat' dir='ltr'><strong>loisible</strong></span> <span class='ocrx_word' id='word_1_148' title='bbox 1341 3263 1373 3310; x_wconf 89' lang='grc' dir='ltr'><em>ὰ</em></span> <span class='ocrx_word' id='word_1_149' title='bbox 1396 3263 1594 3310; x_wconf 82' lang='lat' dir='ltr'><strong>chacun</strong></span> <span class='ocrx_word' id='word_1_150' title='bbox 1605 3263 1668 3310; x_wconf 88' lang='lat' dir='ltr'><strong>de</strong></span> <span class='ocrx_word' id='word_1_151' title='bbox 1684 3264 1959 3325; x_wconf 77' lang='lat' dir='ltr'><strong>scalig-ner·</strong></span> <span class='ocrx_word' id='word_1_152' title='bbox 1979 3265 2069 3312; x_wconf 84' lang='lat' dir='ltr'><strong>des</strong></span> <span class='ocrx_word' id='word_1_153' title='bbox 2092 3265 2331 3315; x_wconf 74' lang='lat' dir='ltr'><strong>chevilles</strong></span> <span class='ocrx_word' id='word_1_154' title='bbox 2356 3267 2486 3314; x_wconf 77' lang='lat' dir='ltr'><strong>dana</strong></span> 
     </span>
    </p>
   </div>
   <div class='ocr_carea' id='block_1_13' title="bbox 443 3368 1798 3430">
    <p class='ocr_par' dir='ltr' id='par_1_13' title="bbox 443 3368 1798 3430">
     <span class='ocr_line' id='line_1_20' title="bbox 443 3368 1798 3430; baseline 0.001 -16"><span class='ocrx_word' id='word_1_155' title='bbox 443 3368 517 3415; x_wconf 79' lang='lat' dir='ltr'><strong>les</strong></span> <span class='ocrx_word' id='word_1_156' title='bbox 544 3383 577 3415; x_wconf 76' lang='lat' dir='ltr'><strong>c&lt;</strong></span> <span class='ocrx_word' id='word_1_157' title='bbox 607 3369 943 3417; x_wconf 67' lang='lat' dir='ltr'><strong>Meditations</strong></span> <span class='ocrx_word' id='word_1_158' title='bbox 969 3383 1002 3416; x_wconf 86' lang='grc'>»</span> <span class='ocrx_word' id='word_1_159' title='bbox 1026 3374 1077 3415; x_wconf 86' lang='lat' dir='ltr'><strong>et</strong></span> <span class='ocrx_word' id='word_1_160' title='bbox 1099 3370 1229 3415; x_wconf 82' lang='lat' dir='ltr'><strong>dans</strong></span> <span class='ocrx_word' id='word_1_161' title='bbox 1256 3383 1289 3415; x_wconf 84' lang='grc'><strong><em>«</em></strong></span> <span class='ocrx_word' id='word_1_162' title='bbox 1316 3368 1592 3416; x_wconf 79' lang='lat' dir='ltr'><strong>Cromwell</strong></span> <span class='ocrx_word' id='word_1_163' title='bbox 1614 3385 1635 3412; x_wconf 86' lang='lat'>»</span> <span class='ocrx_word' id='word_1_164' title='bbox 1662 3369 1673 3417; x_wconf 72' lang='lat' dir='ltr'><strong>t</strong></span> <span class='ocrx_word' id='word_1_165' title='bbox 1703 3368 1798 3430; x_wconf 86' lang='lat'>(3).</span> 
     </span>
    </p>
   </div>
   <div class='ocr_carea' id='block_1_14' title="bbox 521 3657 1571 3900">
    <p class='ocr_par' dir='ltr' id='par_1_14' title="bbox 521 3657 1571 3900">
     <span class='ocr_line' id='line_1_21' title="bbox 521 3657 1571 3710; baseline 0.003 -13"><span class='ocrx_word' id='word_1_166' title='bbox 521 3657 577 3708; x_wconf 81' lang='lat'><strong>(1)</strong></span> <span class='ocrx_word' id='word_1_167' title='bbox 607 3657 703 3698; x_wconf 77' lang='lat' dir='ltr'><strong>Vide</strong></span> <span class='ocrx_word' id='word_1_168' title='bbox 732 3657 786 3710; x_wconf 80' lang='lat' dir='ltr'><strong>G,</strong></span> <span class='ocrx_word' id='word_1_169' title='bbox 815 3657 915 3700; x_wconf 80' lang='lat'><strong>141</strong></span> <span class='ocrx_word' id='word_1_170' title='bbox 947 3657 1080 3699; x_wconf 80' lang='lat' dir='ltr'><strong>adnot.</strong></span> <span class='ocrx_word' id='word_1_171' title='bbox 1102 3657 1272 3710; x_wconf 79' lang='lat' dir='ltr'><strong>et1..1,</strong></span> <span class='ocrx_word' id='word_1_172' title='bbox 1298 3657 1416 3707; x_wconf 74' lang='lat'><strong>244,</strong></span> <span class='ocrx_word' id='word_1_173' title='bbox 1438 3658 1571 3700; x_wconf 84' lang='lat' dir='ltr'><strong>adnot.</strong></span> 
     </span>
     <span class='ocr_line' id='line_1_22' title="bbox 523 3751 1570 3806; baseline 0.005 -15"><span class='ocrx_word' id='word_1_174' title='bbox 523 3751 578 3803; x_wconf 84' lang='lat'><strong>(2)</strong></span> <span class='ocrx_word' id='word_1_175' title='bbox 603 3752 697 3793; x_wconf 75' lang='lat' dir='ltr'><strong>Vide</strong></span> <span class='ocrx_word' id='word_1_176' title='bbox 725 3754 778 3805; x_wconf 81' lang='lat' dir='ltr'><strong>G,</strong></span> <span class='ocrx_word' id='word_1_177' title='bbox 804 3753 908 3796; x_wconf 81' lang='lat'><strong>209</strong></span> <span class='ocrx_word' id='word_1_178' title='bbox 934 3754 1068 3795; x_wconf 81' lang='lat' dir='ltr'><strong>adnot.</strong></span> <span class='ocrx_word' id='word_1_179' title='bbox 1088 3759 1125 3795; x_wconf 83' lang='lat' dir='ltr'><strong>et</strong></span> <span class='ocrx_word' id='word_1_180' title='bbox 1150 3753 1206 3806; x_wconf 80' lang='lat' dir='ltr'><strong>L,</strong></span> <span class='ocrx_word' id='word_1_181' title='bbox 1230 3754 1261 3802; x_wconf 89' lang='lat'><strong>1,</strong></span> <span class='ocrx_word' id='word_1_182' title='bbox 1287 3753 1404 3805; x_wconf 79' lang='lat'><strong>358,</strong></span> <span class='ocrx_word' id='word_1_183' title='bbox 1435 3754 1570 3796; x_wconf 80' lang='lat' dir='ltr'><strong>adnot.</strong></span> 
     </span>
     <span class='ocr_line' id='line_1_23' title="bbox 521 3847 924 3900; baseline 0.017 -15"><span class='ocrx_word' id='word_1_184' title='bbox 521 3847 574 3898; x_wconf 80' lang='grc'><strong>(8)</strong></span> <span class='ocrx_word' id='word_1_185' title='bbox 606 3847 699 3889; x_wconf 75' lang='lat' dir='ltr'><strong>Vide</strong></span> <span class='ocrx_word' id='word_1_186' title='bbox 723 3849 775 3900; x_wconf 78' lang='grc' dir='ltr'><strong>Β,</strong></span> <span class='ocrx_word' id='word_1_187' title='bbox 809 3849 924 3892; x_wconf 80' lang='grc'><strong>190.</strong></span> 
     </span>
    </p>
   </div>
   <div class='ocr_carea' id='block_1_15' title="bbox 2685 2115 2762 4316">
    <p class='ocr_par' dir='ltr' id='par_1_15' title="bbox 2685 2115 2762 4316">
     <span class='ocr_line' id='line_1_24' title="bbox 2685 2115 2762 4316; baseline 0 0"><span class='ocrx_word' id='word_1_188' title='bbox 2685 2115 2762 4316; x_wconf 95' lang='lat' dir='ltr'><strong> </strong></span> 
     </span>
    </p>
   </div>
  </div>
 </body>
</html>
