2762 4316
1383 320 1650 381 —42—

499 478 718 535 cladem
783 478 967 551 ipsam
1030 473 1334 531 fecundam
1395 474 1592 544 fuisse,
1659 480 1715 531 et
1778 475 2011 532 illorum
2100 477 2342 531 conatus
2413 491 2531 529 non

497 611 667 667 modo
723 610 910 680 utileS,
964 607 1060 664 sed
1102 608 1273 664 etiam
1329 607 1681 664 necessarios
1739 608 1914 665 fuisse
1994 611 2058 664 ut
2115 607 2299 682 magis
2369 624 2534 681 pros-

495 763 632 818 pero
696 747 902 799 eventu
958 741 1238 798 feliciores
1300 741 1664 815 insequentes
1715 745 2034 798 uterentur.

568 877 657 932 Ab
721 875 833 931 hoc
893 875 1069 949 igitur
1126 874 1399 931 vicesimo
1459 873 1550 930 die
1609 875 1822 930 mensis
1870 874 2241 949 SeptembriS,
2286 872 2534 928 mediam

496 1007 801 1083 quamdam
857 1007 1008 1063 viam
1069 1010 1226 1064 tenet
1278 1007 1745 1064 Sainte-Beuve.
1810 1007 1934 1062 Etsi
1990 1023 2410 1080 nonnunquam
2473 1003 2535 1060 in

494 1142 730 1198 modum
807 1141 1191 1216 improbantis
1258 1140 1532 1215 loquitur,
1608 1144 1802 1197 tamen
1866 1140 1917 1197 ei
1977 1159 2130 1197 curae
2209 1142 2296 1196 est
2359 1138 2534 1213 digna

495 1295 621 1350 quae
669 1275 978 1332 laudentur
1038 1278 1488 1332 commonstrare
1533 1294 1545 1345 ;
1598 1275 1704 1331 etsi
1759 1274 2023 1349 quaedam
2087 1274 2259 1330 etiam
2313 1270 2536 1348 vitupe-

494 1414 602 1481 rat,
700 1409 923 1466 curiose
1034 1411 1430 1484 perscrutatur
1510 1428 1637 1483 quae
1745 1407 1974 1482 culpam
2065 1407 2273 1463 levent.
2363 1406 2531 1463 Haud

495 1543 741 1599 absurde
789 1542 953 1598 illum
992 1542 1300 1616 aliquando
1350 1541 1510 1598 dicas
1565 1540 1821 1597 laborem
1869 1540 2244 1596 intermisisse
2292 1543 2359 1596 ut
2414 1539 2534 1596 sive

496 1695 627 1733 cum
699 1680 759 1733 V.
816 1679 998 1748 Huyo
1073 1693 1365 1731 sermones
1443 1674 1701 1746 haberet,
1767 1673 1886 1731 sive
1946 1676 2165 1731 Artem
2221 1676 2534 1744 poeticam

495 1813 848 1880 retractaret,
908 1813 983 1880 et,
1042 1829 1175 1865 cum
1226 1827 1285 1865 se
1339 1808 1525 1864 labori
1571 1807 1931 1877 reddidisset,
1991 1811 2148 1877 tunc,
2200 1806 2533 1864 alterutrius

493 1942 828 1998 auctoritate
877 1942 1184 2016 impulsuS,
1237 1941 1408 1998 modo
1465 1942 1755 1999 Ronsard
1810 1944 2142 2014 ceterosque
2196 1941 2532 1997 Pleiadum

490 2081 687 2152 poetas
749 2077 1115 2146 detractasse,
1191 2076 1362 2133 modo
1430 2075 1699 2160 laudibus
1757 2074 2046 2132 extulisse.
2108 2073 2274 2132 Unde
2342 2075 2408 2130 fit
2468 2078 2534 2133 ut

493 2210 678 2285 capita
727 2209 1082 2284 ephemeridi
1128 2209 1366 2281 inserta,
1413 2213 1554 2266 tunc
1622 2228 1844 2284 aspera,
1900 2212 2040 2265 tunc
2094 2196 2334 2265 remissa
2395 2209 2527 2266 sint.

564 2344 788 2400 Etenim
856 2344 1039 2418 poetae
1111 2346 1401 2402 Ronsard
1447 2343 1626 2400 vitam
1700 2342 1837 2399 dicit
1896 2343 2150 2399 fabulam
2221 2342 2531 2418 quamdam

490 2477 661 2534 simul
708 2477 1015 2534 sublimem
1065 2481 1121 2534 et
1167 2477 1473 2534 ridiculam
1530 2496 1540 2534 :

584 2704 595 2718 .
614 2706 624 2715 .
643 2706 653 2716 .
685 2684 755 2716 un
809 2670 989 2717 drame
1035 2670 1167 2717 mele
1210 2669 1524 2717 d'heroisme
1567 2675 1619 2716 et
1665 2669 1732 2717 de
1769 2674 2053 2730 grotesque
2095 2664 2182 2728 (1).

561 2862 922 2933 Quibusdam
958 2863 1237 2938 jucundis
1284 2864 1427 2920 locis
1472 2883 1541 2920 ex
1586 2864 1857 2939 operibus
1898 2864 2023 2938 ejus
2068 2864 2276 2936 allatis,
2325 2862 2523 2919 addit:

575 3056 647 3103 Ce
692 3071 756 3103 ne
805 3064 923 3103 sont
966 3058 1019 3103 la
1052 3071 1166 3130 *que
1212 3055 1321 3104 des
1352 3058 1573 3105 beautes
1610 3058 1842 3119 eparseS.
1881 3058 1953 3104 Le
1987 3058 2112 3119 plas
2146 3064 2373 3117 sanaem,
2410 3065 2527 3107 tous

486 3159 563 3206 les
599 3161 717 3221 cinq
753 3175 821 3207 ou
865 3161 955 3207 dix
998 3176 1119 3208 vers
1167 3162 1403 3217 environ,
1450 3176 1550 3208 une
1593 3162 1918 3222 expression,
1965 3176 2066 3209 une
2107 3163 2280 3223 image
2325 3163 2529 3210 triviale

472 3264 582 3323 fait
616 3265 883 3323 grimacer
924 3280 979 3311 ce
1021 3266 1159 3325 style
1200 3267 1292 3327 qui
1334 3271 1448 3314 veut
1487 3267 1595 3312 e‘cre
1638 3266 1866 3324 serieax,
1904 3273 1979 3324 et,
2026 3281 2224 3313 comme
2265 3281 2366 3314 une
2405 3274 2528 3315 note

486 3368 685 3414 eriarde
729 3383 797 3415 au
842 3370 1018 3416 milieu
1063 3370 1183 3416 d’un
1227 3377 1318 3416 ton
1360 3384 1535 3430 grave,
1573 3384 1705 3417 nous
1742 3371 1936 3417 avertit
1982 3384 2084 3431 que
2131 3371 2393 3418 Ronsamlf
2405 3372 2528 3432 sor*-

485 3473 587 3526 §ait
628 3486 722 3519 son
778 3474 1092 3520 instrument
1136 3475 1221 3533 (2).

563 3731 619 3782 (¹)
647 3731 741 3772 Vide
771 3732 828 3778 G,
860 3732 910 3771 20
930 3737 1032 3783 sept.
1057 3754 1108 3762 —
1129 3732 1202 3773 Hic
1223 3733 1333 3773 locus
1362 3744 1442 3774 non
1471 3739 1643 3774 mutatus
1663 3739 1723 3774 est
1746 3747 1755 3775 ε
1782 3733 1819 3774 ct
1846 3734 1904 3786 L,
1924 3733 1955 3782 1,
1982 3734 2098 3776 110.

564 3826 617 3876 (2)
648 3826 740 3866 vide
771 3828 828 3875 G,
857 3828 880 3867 4
906 3834 981 3869 oet.
1010 3851 1054 3859 —
1085 3828 1159 3876 Qui
1187 3829 1298 3870 locus
1326 3835 1498 3870 mutatu·
1519 3835 1580 3871 est
1607 3830 1647 3871 in
1669 3830 1721 3883 S,
1747 3829 1816 3872 88
1839 3835 1878 3871 et
1902 3830 1955 3882 0,
1982 3830 2053 3873 68
2079 3837 2118 3872 et
2137 3831 2194 3881 L,
2217 3831 2249 3884 Ι,
2278 3830 2396 3874 120.
