2808 4412
1090 278 1352 332 „23-

210 447 411 508 parum
455 428 798 485 intellexisse
867 430 1068 486 merita
1114 430 1341 487 illorum
1399 431 1896 488 celeberrimorum
1951 432 2232 488 artificum

211 580 354 636 quos
440 579 498 616 se
567 560 778 615 imitari
870 561 1292 635 profiterentur,
1382 582 1486 620 nec
1549 581 1680 620 vere
1750 563 1875 620 illas
1944 563 2232 619 doctrinas

211 693 393 767 sequi,
451 711 593 766 quas
649 711 709 748 se
758 692 944 749 colere
997 694 1391 767 praedicarent.
1451 696 1691 770 Insuper
1746 699 2048 770 praecepta,
2107 714 2233 769 quae

210 824 346 880 artis
402 823 678 880 antistites
733 825 974 898 septimo
1041 825 1261 881 decimo
1334 827 1523 882 seculo
1588 828 1706 883 nati
1768 832 1867 884 aut
1933 828 2043 902 ipsi
2104 846 2236 902 pro-

209 955 619 1030 mulgavissent
679 959 777 1011 aut
825 957 893 1011 ab
951 957 1201 1030 antiquis
1271 959 1644 1032 accepissent,
1689 959 1779 1014 vel
1855 959 2088 1015 illorum
2141 958 2234 1014 vel

192 1090 599 1146 ‘Romanorum
672 1087 1116 1162 Graecorumque
1203 1090 1552 1164 temporibus
1654 1091 1864 1165 aliquid
1965 1092 2233 1155 habuisse

208 1219 324 1294 apti
380 1223 435 1276 et
479 1238 508 1276 e
563 1220 732 1276 certis
793 1220 1135 1294 quibusdam
1185 1222 1372 1278 causis
1427 1223 1768 1293 manavisse,
1835 1242 1961 1297 quae
2023 1223 2232 1280 nostris

206 1352 558 1426 temporibus
615 1371 732 1408 non
775 1353 895 1427 jam
945 1357 1151 1411 essent.
1204 1354 1466 1410 Ceterum
1514 1355 1734 1411 etiamsi
1782 1356 1840 1410 in
1896 1374 1962 1411 eo
2013 1355 2234 1430 decepti

208 1490 398 1542 essent
451 1487 604 1560 quod
654 1487 1042 1543 existimarent
1095 1487 1247 1561 leges
1305 1488 1372 1543 de
1425 1493 1544 1544 arte
1598 1489 1881 1544 scribendi
1944 1490 2003 1544 in
2066 1507 2232 1544 omne

206 1623 432 1695 tempus
475 1620 615 1676 latas
673 1638 816 1690 esse,
867 1620 994 1676 illos
1043 1620 1242 1677 saltem
1298 1624 1447 1676 recte
1493 1622 1782 1695 putavisse
1837 1640 1952 1676 non
2008 1622 2133 1695 ipsa
2179 1612 2246 1677 et'

207 1752 330 1809 sola
412 1752 604 1827 legum
686 1753 924 1808 istarum
1000 1753 1395 1808 observatione
1473 1751 1643 1808 scribi
1706 1771 1873 1826 posse
1951 1772 2094 1827 opus
2165 1771 2232 1808 ex

207 1885 360 1942 omni
419 1888 577 1960 parte
639 1885 972 1959 perfectum,
1052 1889 1107 1940 et
1171 1885 1399 1940 eosdem
1458 1884 1751 1959 ingenium
1831 1902 1999 1940 suum
2070 1884 2233 1958 quasi

207 2017 553 2087 dilatavisse‚
606 2021 809 2072 natura
857 2021 911 2073 et
972 2018 1142 2073 rebus
1191 2021 1355 2072 antea
1400 2017 1574 2090 gestis
1631 2019 1686 2071 et
1741 2015 1878 2086 vita,
1930 2034 2002 2071 ne
2067 2014 2233 2089 plura

207 2150 414 2222 dicam,
495 2150 864 2206 observandis
944 2149 1367 2222 imitandisque.
1454 2148 1676 2203 Nostris
1747 2151 1946 2203 contra
2008 2152 2231 2222 tempo-

206 2279 388 2355 ribus,
454 2282 595 2338 istos
662 2281 987 2356 suppositos
1051 2280 1499 2353 subditiciosque
1554 2279 1919 2335 classicorum
1997 2283 2230 2353 nepotes

205 2414 407 2472 iisdem
477 2414 696 2490 legibus
770 2414 939 2470 fidem
999 2413 1304 2488 quamdam
1366 2412 1817 2486 superstitiosam
1881 2412 2228 2486 adjunxisse,
2312 2447 2314 2449 -

206 2548 446 2624 illasque
542 2552 836 2623 tamquam
950 2547 1193 2602 officinae
1301 2547 1678 2601 instrumenta
1773 2546 2037 2602 habuisse
2144 2550 2226 2615 ut,

208 2683 437 2760 negotio
486 2683 668 2752 nullo,
730 2682 950 2736 fabulas
1015 2680 1259 2753 tragicas
1317 2678 1405 2734 vel
1457 2678 1702 2734 comicas
1759 2683 1813 2733 et
1860 2678 2110 2734 carmina
2176 2682 2232 2735 et

207 2817 397 2892 elegos
483 2835 598 2872 non
678 2816 1088 2888 componerent
1157 2812 1252 2867 sed
1342 2812 1532 2885 potius
1610 2814 1733 2866 tuto
1792 2810 2224 2879 fabricarentur,

206 2950 416 3025 quippe
487 2949 696 3023 quibus
770 2966 839 3003 ne
916 2946 1168 3001 minimae
1230 2944 1457 3018 quidem
1523 2947 1669 2999 esset
1738 2962 1888 3000 curae
1965 2947 2227 3000 naturam

208 3083 369 3158 sequi
424 3100 728 3155 rerumque
797 3079 1227 3135 similitudinem
1284 3077 1571 3151 effingere.
1631 3078 1743 3131 Eos
1808 3076 2053 3150 denique
2097 3077 2226 3152 plus

208 3233 380 3290 quam
436 3213 667 3269 militari
723 3211 1040 3286 disciplina}
1098 3230 1156 3266 se
1220 3209 1693 3283 constringendos
1739 3209 2059 3278 tradidisse,
2110 3230 2225 3266 non

208 3352 272 3405 ut
348 3347 500 3403 vires
570 3345 903 3420 colligerent
973 3343 1179 3416 quibus
1258 3341 1469 3415 aliquid
1532 3341 1831 3397 sublimius
1891 3343 2228 3415 perfectius-

210 3497 319 3553 que
363 3480 666 3546 tentarent‚
730 3475 826 3531 sed
897 3479 962 3530 ut
1023 3472 1418 3529 tantummodo
1489 3471 1702 3545 ingenii
1773 3472 1862 3527 sui
1934 3474 2229 3529 constricti

209 3610 450 3684 gloriam
523 3609 591 3683 (si
640 3611 787 3664 esset
840 3607 1037 3681 gloria)
1112 3608 1566 3678 assequerentur.
1633 3603 1737 3659 Cui
1793 3603 2065 3660 doctrinae
2133 3624 2230 3661 ne-

210 3760 320 3816 que
392 3742 834 3799 Sainte-Beuve
909 3758 1092 3812 neque
1162 3737 1328 3793 amici
1395 3736 1517 3810 ejus
1583 3737 1799 3792 assensi
1871 3740 2024 3805 sunt,
2093 3757 2235 3812 quo-
