2762 4316
1419 307 1486 318 ....
1519 282 1584 333 50
1618 308 1684 318 .-

543 441 836 497 mensibus
918 438 1054 493 anni
1124 436 1414 492 millesimi
1494 435 1953 511 octingentesimi
2029 435 2285 491 vicesimi
2371 435 2559 492 octavi

539 577 694 628 totus
739 573 798 626 in
846 589 969 626 eam
1019 569 1293 642 migrarat
1318 569 1418 641 (1).

607 707 771 773 Cum,
823 705 913 760 die
966 703 1254 759 tricesimo
1304 702 1518 758 mensis
1576 702 1791 777 Aprilis
1848 701 2219 781 undecimum
2273 702 2570 759 ultimum-

536 857 643 912 que
706 841 894 911 caput,
953 841 1041 893 La
1102 838 1350 908 Satyre,
1414 838 1751 892 Mamur-in
1815 835 2112 907 Rdym'er,
2161 853 2251 892 ses
2309 835 2571 894 de’meles

538 988 683 1030 avec
733 973 1079 1043 Mallzerbe‚
1139 970 1348 1037 ederet,
1411 969 1536 1024 haec
1587 968 1858 1045 monebat
1904 967 2194 1043 legentes:

619 1224 754 1268 Pour
818 1222 1097 1282 completer
1159 1235 1245 1267 ces
1303 1222 1487 1268 etudes
1540 1236 1630 1268 sur
1688 1222 1741 1268 la
1795 1222 1975 1282 poesie
2022 1223 2280 1280 francaise
2342 1236 2410 1267 au
2453 1234 2569 1268 xvv>

523 1328 696 1382 siecle,
753 1326 792 1372 il
855 1340 987 1372 nous
1038 1326 1279 1372 resterait
1336 1327 1369 1371 a
1421 1327 1595 1385 parler
1655 1326 1719 1371 de
1776 1326 2066 1385 d’Aubigne
2134 1332 2185 1372 et
2242 1332 2445 1372 surtout
2503 1325 2570 1371 de

522 1431 830 1487 Malherbe3
878 1431 1013 1476 mais
1047 1430 1085 1475 il
1139 1444 1173 1475 a
1219 1430 1343 1489 deja
1389 1429 1471 1475 ete
1527 1430 1771 1489 question
1817 1430 1883 1476 de
1932 1443 1991 1476 ce
2035 1429 2242 1476 dernier
2285 1436 2337 1476 et
2379 1429 2446 1476 de
2504 1443 2568 1476 sa

520 1537 758 1591 reforme,
808 1535 941 1580 dans
992 1549 1063 1580 un
1117 1535 1298 1580 article
1360 1535 1393 1578 ὸ,
1439 1507 1560 1594 part
1615 1535 1672 1592 (t.
1723 1534 1784 1590 V,
1831 1539 1885 1578 n⁰
1922 1534 1992 1592 5).
2037 1533 2121 1579 On
2161 1533 2244 1593 n’y
2290 1533 2570 1580 reviendra

516 1640 648 1684 donc
695 1653 793 1699 pas
851 1639 933 1684 ici.
983 1638 1260 1683 D'ailleurs
1337 1644 1456 1683 tous
1513 1651 1599 1683 ces
1646 1637 1854 1683 articles
1911 1651 2000 1701 sur
2062 1637 2115 1683 la
2162 1637 2343 1696 poesie
2389 1643 2567 1683 seront

516 1744 773 1790 recueillis
819 1749 870 1788 et
914 1742 1118 1802 publies
1161 1742 1586 1801 prochainement
1632 1755 1759 1787 avec
1805 1740 1899 1787 des
1940 1740 2400 1800 developpements
2443 1755 2569 1787 nou-

516 1864 707 1896 veaux.
769 1848 852 1895 On
906 1863 940 1907 y
993 1848 1201 1908 joindra
1250 1860 1351 1893 une
1405 1847 1622 1893 histoire
1676 1846 1748 1892 du
1791 1846 1995 1893 theatre
2051 1845 2243 1893 durant
2302 1846 2351 1893 le
2394 1849 2562 1892 meme

521 1953 677 2000 siecle
724 1955 808 2011 (2).

596 2192 707 2249 Sed
737 2192 850 2248 hoc
885 2192 1010 2267 ipso
1038 2196 1316 2267 tempore,
1347 2209 1460 2266 quo
1500 2156 1559 2246 se
1596 2188 1675 2244 ita
1708 2189 2061 2265 praedicabat,
2096 2207 2272 2264 opera
2312 2187 2568 2263 comple-

519 2333 713 2384 turum
770 2345 894 2382 esse
952 2330 1007 2382 et
1068 2326 1476 2400 perfecturum,
1545 2325 1680 2399 jam·
1722 2329 1776 2382 et
1827 2325 2214 2399 compleverat
2268 2326 2324 2380 et
2377 2322 2564 2398 perfe-

523 2464 695 2531 cerat,
739 2459 786 2515 si
827 2459 1058 2533 quidem
1098 2458 1239 2514 fides
1286 2457 1550 2514 habenda
1594 2458 1822 2514 videtur
1862 2457 2080 2513 ultimae
2120 2455 2252 2511 libri
2300 2454 2561 2525 editioni,

521 2598 633 2652 qua
709 2578 1009 2635 denuntiat
1078 2577 1501 2652 perorationem
1566 2595 1761 2633 mense
1809 2576 1995 2651 Aprili
2067 2575 2203 2631 anni
2273 2573 2566 2631 millesimi

526 2711 987 2786 octingentesimi
1027 2710 1286 2768 vicesimi
1328 2711 1517 2767 octavi
1567 2711 1946 2785 compositam
2013 2709 2188 2766 fuisse
2237 2709 2338 2783 (3).
2377 2707 2567 2765 Prima

526 2833 715 2886 autem
781 2830 975 2901 editio,
1050 2833 1114 2886 ut
1181 2832 1406 2899 notum,
1479 2828 1910 2885 undevicesimo
1977 2828 2068 2884 die
2146 2827 2361 2884 mensis
2427 2825 2566 2883 Julii

525 2965 732 3021 emissa
779 2967 883 3020 est.

598 3100 865 3157 Ceterum
928 3098 1246 3167 materiam,
1313 3116 1430 3152 non
1489 3096 1610 3170 jam
1687 3094 1930 3169 singulis
1987 3095 2269 3169 capitibus
2338 3094 2565 3170 exposi-

525 3237 662 3301 tam,
700 3232 798 3288 sed
846 3232 905 3287 in
961 3249 1142 3287 unum
1196 3229 1407 3286 librum
1456 3229 1766 3302 redactam,
1819 3229 1899 3285 ita
1945 3230 2308 3284 retractatam
2339 3245 2463 3284 esse
2499 3230 2565 3284 ut

522 3365 706 3440 ample
771 3364 1124 3432 dilataretur,
1192 3362 1342 3418 clare
1399 3361 1633 3436 patebit,
1699 3361 1768 3435 sid
1805 3361 1932 3441 quis
2000 3359 2307 3417 duodecim
2377 3359 2563 3434 capita

602 3618 656 3669 (l)
687 3618 780 3658 Vide
809 3618 999 3664 Mmumr,
1025 3617 1097 3668 Op.
1117 3615 1221 3656 laud.
1254 3627 1339 3667 cap.
1363 3615 1426 3655 vl.

602 3714 656 3765 (2)
685 3713 778 3753 Vide
802 3714 859 3754 G.
884 3714 977 3760 Quae
1004 3712 1205 3753 annotatio
1231 3723 1356 3763 neque
1378 3711 1418 3750 in
1444 3710 1495 3761 S,
1525 3721 1650 3761 neque
1671 3710 1711 3750 in
1734 3709 1788 3758 G,
1817 3721 1944 3761 neque
1971 3709 2015 3750 in
2039 3709 2097 3758 L,
2123 3714 2277 3749 servata
2300 3711 2377 3749 ost.

601 3809 656 3859 (3)
687 3809 778 3849 Vide
806 3809 861 3856 L,
892 3809 941 3857 ll,
967 3807 1050 3849 44.

2750 633 2762 654 1

2745 649 2762 1054 ἒ

2741 1133 2762 1484 i
