2808 4412
1067 286 1328 340 -29-

187 437 544 494 familiariter
635 457 777 494 usus
868 441 988 494 erat
1056 441 1499 498 Sainte—Beuve
1570 441 1669 516 (1),
1736 459 1867 498 eum
1950 441 2212 499 hortatus

186 572 272 626 est
320 573 386 626 ut
431 573 716 626 certamen
785 569 956 626 iniret
1018 589 1086 626 ac
1162 590 1221 628 se
1285 573 1604 646 adjutorem
1667 573 1909 647 praebuit
1977 574 2046 630 ad
2118 593 2209 630 res

186 703 464 759 obscuras
538 702 1054 776 recognoscendas.

262 835 315 890 A
349 852 461 909 quo
517 833 728 890 laboris
776 835 931 891 socio
964 835 1255 905 incitatuS,
1283 839 1726 895 Sainte-Beuve
1768 857 2071 913 aggressus
2117 842 2207 896 est

124 1020 129 1024 .
189 967 379 1040 operis
435 967 524 1023 sui
580 985 844 1042 pensum.
902 967 1157 1026 Primum
1227 970 1371 1025 nihil
1435 971 1495 1026 in
1574 971 1763 1026 animo
1825 971 2029 1027 habuit
2099 971 2210 1027 nisi

187 1099 647 1156 dissertationem
716 1100 1180 1174 perscribendam
1243 1120 1414 1175 quam
1498 1103 1805 1159 Academia
1882 1103 2206 1160 desiderare

187 1231 508 1290 videbatur.
575 1233 687 1290 Sed
760 1237 1064 1307 antequam
1126 1236 1662 1292 commentationem
1717 1240 2084 1311 componeret
2137 1236 2207 1293 de

189 1363 421 1422 Gallicis
468 1364 671 1422 litteris
730 1369 884 1422 sexto
957 1366 1177 1423 decimo
1237 1368 1428 1424 seculo
1477 1368 1663 1440 cultis,
1717 1368 1871 1424 haud
1928 1387 2203 1442 superva-

191 1516 433 1555 caneum
467 1517 604 1555 sane
629 1502 750 1555 erat
784 1498 1101 1555 litterarum
1126 1500 1423 1556 historiam
1464 1502 1704 1557 scrutari
1738 1501 1840 1576 (2).
1865 1501 2009 1558 Cum
2038 1520 2195 1570 vem,

186 1630 338 1688 sicut
370 1631 541 1689 rebus
581 1632 722 1707 ipsis
756 1635 811 1688 et
857 1632 1108 1689 materiae
1156 1634 1504 1707 congruebat
1549 1651 1773 1689 necnon
1811 1633 2046 1707 ingenio
2095 1651 2201 1690 suo

189 1767 636 1821 consentaneum
683 1768 821 1835 erat,
863 1768 1124 1838 poemata
1177 1765 1427 1839 primum
1474 1765 1712 1821 adorsus
1765 1769 1848 1820 est
1910 1764 2195 1836 meditari,

182 1895 380 1971 primis
454 1896 633 1951 initiis
696 1896 891 1952 obvias
949 1896 1148 1952 habuit
1212 1897 1487 1970 quasdam
1558 1897 1921 1970 quaestioneS‚
1994 1895 2206 1970 quibus

185 2027 351 2085 valde
427 2031 626 2103 captus
718 2032 820 2084 est.
885 2028 1110 2083 Etenim
1182 2046 1311 2084 eum
1399 2045 1620 2102 semper
1709 2046 1881 2101 quam
1961 2027 2208 2084 maxime

187 2161 568 2220 delectaverat
628 2161 901 2235 quidquid
951 2162 1020 2217 ad
1083 2164 1261 2217 artem
1315 2161 1595 2235 poeticam
1651 2163 1932 2234 spectaret
2005 2163 2059 2216 et
2139 2159 2208 2215 ad

185 2294 411 2352 dicendi
458 2294 610 2350 viam
657 2298 712 2350 et
751 2313 1022 2350 versuum
1060 2293 1543 2350 contexendorum
1592 2293 1871 2348 rationem
1921 2293 2023 2364 (3),
2085 2292 2209 2347 istis

189 2428 506 2504 praesertim
590 2426 961 2501 temporibUS‚
1036 2426 1264 2500 quibus,
1353 2429 1416 2482 ut
1506 2425 1585 2480 ita
1648 2425 1855 2495 dicam,
1923 2423 2209 2480 citharam

186 2579 350 2618 suam
436 2560 704 2617 omnibus
781 2559 970 2615 nervis
1046 2557 1338 2613 intendere
1394 2558 1696 2613 nitebatur.
1753 2558 1940 2624 Quare
1993 2556 2199 2624 forma,

185 2693 458 2765 numeriS,
516 2692 911 2765 versibusque,
1000 2690 1207 2763 quibus
1277 2689 1419 2744 sexti
1499 2688 1702 2744 decimi
1775 2688 1953 2744 seculi
2026 2686 2204 2760 scrip-

184 2829 336 2882 tores
392 2824 484 2881 usi
534 2826 686 2894 sunt,
722 2822 975 2879 studiose
1039 2818 1428 2889 consideratis,
1471 2823 1657 2875 cetera
1704 2836 1821 2874 non
1870 2817 2034 2874 flocci
2079 2816 2211 2890 jam

188 2957 324 3015 fecit
375 2956 474 3032 (4).

267 3274 324 3327 (1)
348 3273 440 3314 vide
463 3272 635 3314 Nouvelle
661 3270 984 3323 Gorreqnomtance,
1011 3267 1094 3310 96.

269 3371 325 3424 (2)
350 3371 446 3412 vide
470 3370 527 3417 1...
550 3369 585 3421 I,
604 3367 655 3410 5.

264 3466 320 3520 (3)
344 3466 437 3508 vide
459 3466 589 3517 Ioseph
605 3465 770 3505 Delorme
791 3463 957 3514 (Pensees
978 3461 1033 3501 XI
1052 3465 1090 3500 et
1114 3458 1212 3510 XX).

266 3563 322 3615 (4)
348 3562 442 3603 vide
461 3562 515 3614 10,
548 3561 579 3611 1,
602 3560 635 3602 6
657 3572 669 3599 .·
696 3574 717 3598 «
744 3559 792 3599 Le
818 3560 914 3609 sujet
941 3568 998 3595 me
1011 3559 1128 3608 paru!
1151 3555 1185 3594 si
1214 3553 1303 3592 beau
1322 3564 1390 3603 que
1409 3552 1448 3601 je
1466 3552 1551 3589 n’en
1574 3552 1680 3590 sortis
1693 3561 1773 3602 pas.
1799 3550 1832 3589 Il
1851 3561 1908 3589 me
1928 3549 2040 3599 lallut
2058 3548 2120 3588 des
2137 3549 2208 3589 lors

184 3648 359 3677 renoncer
378 3648 429 3676 au
454 3646 627 3676 comours
649 3638 683 3673 et
702 3634 742 3685 J'e
756 3633 833 3683 m'y
855 3632 1016 3681 resiqnaz·
1042 3640 1129 3668 sans
1170 3631 1250 3678 trop
1297 3625 1340 3665 de
1387 3626 1506 3676 peine,
1543 3624 1711 3663 d'autant
1745 3623 1831 3674 plus
1869 3633 1937 3674 que
1963 3623 2014 3662 les
2032 3623 2205 3663 resultat-5

182 3710 362 3762 ausuque&
384 3710 424 3761 je
451 3710 567 3749 tenuis
593 3707 941 3760 particulierement,
966 3705 1150 3755 presentes
1169 3711 1254 3739 sans
1279 3699 1375 3739 leurs
1399 3697 1706 3749 developpements
1745 3700 1779 3735 et
1819 3696 1917 3735 leurs
1939 3707 2103 3747 preuves,
2124 3707 2206 3735 eus-

195 3787 275 3824 sent
297 3794 348 3836 pu
363 3782 519 3823 sembler
540 3782 623 3824 bien
646 3779 820 3821 hasaraes
842 3783 877 3819 et
898 3777 1108 3818 temer-atres
1123 3787 1160 3814 ».
