2808 4412
1126 295 1357 348 -7-

218 448 298 505 ita
313 447 520 519 dicam,
542 447 804 522 quamvis
830 448 1022 503 abdita
1038 449 1350 523 perspicias
1369 449 1603 505 nomina
1623 450 1881 507 virorum
1902 411 2236 522 illustrium,

221 579 319 655 qui
343 579 633 653 scriptoris
651 579 834 635 nostri
847 579 1078 635 fuerunt
1093 583 1148 635 et
1172 580 1339 636 amici
1364 585 1418 637 et
1433 600 1534 656 per
1547 581 1846 639 incruenta
1865 581 2239 638 classicorum

222 715 278 768 et
305 710 758 768 romanticorum
785 710 932 767 bella
981 711 1421 783 commilitones;
1451 714 1531 769 ita
1554 718 1638 784 ut,
1661 715 1728 770 de
1753 714 1995 771 mortuis
2020 714 2235 784 dicem,

219 844 288 901 de
309 843 456 902 vivis
481 843 644 917 quasi
669 846 860 917 aperte
887 843 1090 899 dixerit
1114 859 1126 909 ;
1155 862 1290 918 erga
1315 863 1479 918 quos»,
1509 851 1574 902 ut
1611 846 1846 917 solebat,
1891 847 2057 902 annis
2095 865 2239 920 pau-

219 976 340 1034 lum
369 975 623 1045 mutatiS,
658 974 914 1031 animum
940 994 1168 1050 quoque
1201 977 1298 1032 sed
1324 977 1477 1033 haud
1503 978 1739 1052 paulum
1763 978 2022 1035 mutavit.
2055 977 2116 1035 Si
2143 995 2235 1034 res

219 1109 299 1166 ita
327 1125 458 1165 vere
499 1125 558 1164 se
591 1107 837 1163 habetet
870 1108 918 1164 si
950 1109 1137 1183 operis
1179 1108 1267 1165 sui
1301 1109 1477 1165 alium
1512 1110 1696 1166 effecit
1720 1114 1958 1181 textum,
1988 1109 2241 1184 quoties-

221 1257 467 1314 cumque
507 1243 606 1295 aut
653 1239 720 1295 de
766 1238 1049 1295 doctrinis
1095 1241 1389 1296 sententiae
1448 1245 1546 1297 aut
1596 1241 1656 1295 in
1701 1242 1856 1297 viros
1912 1241 2235 1297 voluntates

219 1364 343 1422 aliae
406 1367 588 1433 erant,
646 1364 744 1437 qui
801 1363 1100 1438 diligenter
1179 1365 1366 1421 varias
1422 1365 1692 1422 lectiones
1750 1365 2234 1434 animadverterit,

217 1497 384 1574 plane
409 1501 718 1572 cognoscet
743 1502 796 1554 et
828 1502 1107 1571 quantum
1140 1502 1196 1554 et
1219 1516 1391 1571 quam
1435 1516 1583 1572 saepe
1618 1498 1924 1554 sententias
1964 1498 2235 1554 volunta-

218 1634 416 1706 tesque
449 1631 776 1701 mutaverit,
803 1664 876 1672 --
910 1635 964 1687 et
996 1631 1052 1686 id
1079 1634 1145 1686 e'o
1179 1630 1402 1686 facilius
1429 1630 1579 1704 quod
1608 1630 1683 1698 ab
1724 1630 1901 1685 initiis
1933 1648 2115 1703 usque
2165 1629 2236 1685 ad

218 1768 461 1822 mortem
515 1765 670 1821 hunc
728 1764 938 1821 librum
1022 1765 1089 1819 ab
1146 1764 1503 1819 adulescente
1572 1764 1850 1837 scriptum
1921 1781 2235 1837 numquam

216 1898 498 1956 intactum
541 1897 790 1971 reliquit.

291 2031 480 2106 Hujus
513 2032 666 2088 enim
693 2034 941 2104 quatuor
971 2034 1161 2086 textus
1190 2029 1382 2086 emissi
1411 2033 1566 2085 sunt.

291 2164 552 2221 Primum
577 2167 764 2238 partes
799 2163 953 2219 haud
980 2181 1167 2236 parvae
1194 2162 1344 2236 typis
1372 2161 1664 2230 {mandatae
1704 2164 1858 2230 sunt,
1898 2179 2025 2234 quae
2062 2160 2236 2234 ephe-

218 2296 419 2354 meridi
443 2300 523 2353 Le
555 2298 737 2354 Globe
762 2295 1068 2351 nominatae
1113 2294 1514 2350 insererentur.
1544 2294 1594 2348 A
1629 2292 1715 2347 die
1750 2291 1988 2365 septimo
2024 2291 2236 2347 mensis

219 2429 376 2501 Julii,
430 2429 564 2485 anni
611 2428 1099 2497 MDCCCXXVII,
1160 2446 1271 2500 quo
1326 2428 1768 2482 Sainte-Beuve
1821 2424 2071 2497 legentes
2114 2423 2237 2479 haec

218 2562 540 2619 monebat:
620 2581 644 2617 «
694 2565 782 2618 La
855 2561 1016 2617 serie
1079 2562 1391 2616 d’artz’cles
1459 2558 1637 2628 qu’on
1718 2574 1779 2612 se
1841 2572 2103 2626 propose
2163 2557 2238 2612 de

213 2697 471 2767 publici·
514 2713 628 2752 sur
675 2694 1017 2751 l'ancz'enne
1061 2692 1264 2762 poesie
1303 2693 1619 2762 francaise
1679 2692 2063 2746 embrassera
2109 2692 2238 2744 tout

222 2830 278 2885 le
331 2830 487 2884 XVI·
537 2830 718 2885 siecle
764 2831 819 2882 et
862 2831 1123 2896 portem
1177 2825 1764 2894 particulierement
1808 2838 1921 2876 sur
1968 2819 2237 2890 l'dpoque

220 2961 483 3020 decisive
570 2963 644 3017 de
711 2963 878 3028 1550,
960 2958 1036 3014 oio
1101 2958 1460 3013 l'c'mc'tation
1538 2956 1610 3010 de
1689 2952 2036 3022 Z'antiquite’
2102 2955 2238 3008 vint

223 3097 658 3166 brusquement
713 3097 1140 3161 interrompre
1205 3093 1258 3146 le
1322 3089 1816 3157 de'veloppement
1867 3087 2120 3141 naturel
2179 3090 2238 3141 et

223 3230 350 3285 lent
406 3229 480 3283 de
540 3232 719 3283 notre
779 3227 987 3281 vieille
1052 3223 1413 3278 litterature
1481 3222 1754 3291 yauloise
1802 3218 1903 3292 (1),
1967 3236 1990 3271 »
2055 3234 2238 3289 usque

222 3359 292 3416 ad
350 3359 500 3416 diem
569 3359 853 3415 decimum
931 3356 1142 3412 mensis
1220 3353 1432 3428 Aprilis
1518 3352 1652 3406 anni
1724 3348 2232 3417 MDCCCXXVIII,

297 3719 354 3772 (1)
377 3718 471 3759 vide
498 3718 788 3758 adnotationem
815 3716 939 3768 primo
959 3714 1074 3766 capiti
1093 3713 1313 3764 adjunctam
1330 3709 1469 3762 (Globe)
1491 3721 1502 3756 ;
1540 3719 1624 3758 quae
1646 3706 1685 3746 in
1706 3704 1938 3746 editionibus
1957 3702 2238 3755 posterioribus

223 3804 302 3834 non
324 3794 407 3844 jam
425 3798 599 3844 apparet.
1011 3793 1015 3796 ’
