2762 4316
1080 296 1345 348 ...65-

276 445 388 504 Sed
446 445 590 502 mihi
647 445 794 502 nihil
834 446 1124 519 antiquius
1173 451 1257 503 est
1303 466 1476 521 quam
1522 450 1586 504 ut
1640 448 1709 503 ad
1767 447 2225 505 dissertationem

200 577 270 634 de
323 580 649 636 Malherbe
711 579 836 652 ipso
885 579 1156 652 scriptam
1203 580 1549 653 perveniam.
1610 581 1676 636 In
1724 599 1836 654 qua
1884 579 2076 636 omnia
2123 584 2224 636 aut

200 713 417 766 mutata
479 713 577 766 aut
623 710 921 766 emendata
982 714 1135 780 sunt,
1218 729 1349 767 cum
1419 716 1474 767 et
1528 712 1714 785 prima
1783 712 2041 768 omnium
2111 712 2226 768 dis-

200 841 576 897 sertationum
624 841 942 915 composita
986 842 1078 912 sit,
1139 842 1229 898 his
1303 843 1654 917 temporibus
1717 843 1925 917 quibus
1978 845 2224 901 Sainte-

197 981 401 1034 Beuve
472 973 782 1030 sententias
881 992 997 1028 non
1082 973 1252 1029 modo
1344 993 1460 1030 non
1562 978 1881 1032 mutaverat
1969 976 2067 1032 sed
2152 995 2223 1033 ne

203 1108 426 1163 mutare
479 1105 711 1180 quidem
781 1109 1051 1180 coeperat,
1106 1110 1160 1161 et
1228 1106 1287 1161 in
1350 1125 1415 1162 ea
1477 1107 1547 1163 de
1614 1108 2024 1181 quaestionibus
2082 1109 2222 1183 ipsis

201 1241 393 1295 actum
472 1237 564 1306 sit,
642 1237 711 1294 ad
787 1242 964 1294 artem
1040 1238 1323 1312 poeticam
1387 1242 1443 1295 et
1494 1258 1866 1297 numerorum
1932 1240 2114 1315 legem
2176 1246 2232 1297 et

199 1387 472 1427 versuum
525 1370 737 1426 formas
779 1370 1218 1444 pertinentibuS,
1287 1370 1355 1426 de
1416 1371 1623 1444 quibus
1683 1372 1926 1428 maxime
1981 1373 2225 1429 mutavit

202 1501 531 1559 sententias,

272 1631 498 1688 Etenim
570 1632 670 1690 ubi
731 1633 983 1708 primum
1054 1634 1124 1690 ad
1196 1635 1352 1691 hunc
1436 1636 1693 1709 pervenit
1763 1643 2219 1708 Salute-Beue&

194 1762 350 1822 haud
413 1764 742 1822 dubitanter
801 1766 1103 1823 confitetur
1163 1767 1314 1841 apud
1376 1786 1434 1822 se
1503 1786 1786 1824 novorum
1853 1769 2217 1843 scriptorum,

193 1901 249 1956 et
292 1897 425 1956 inde
486 1901 784 1974 poetarum
854 1917 884 1954 e
939 1898 1146 1972 quibus
1206 1902 1533 1955 constarent
1594 1901 1897 1968 Pleiade&
1980 1899 2220 1974 gratiam

195 2030 585 2107 praevaluisse.
631 2030 1022 2087 Nihilominus
1071 2030 1261 2101 simul,
1314 2050 1444 2087 cum
1493 2031 1567 2087 sit
1613 2050 1751 2086 sana
1784 2035 1838 2087 et
1876 2031 2221 2088 inconcussa

194 2166 384 2221 mente
453 2162 750 2238 praedituS,
817 2182 930 2237 qua
997 2163 1144 2219 inter
1205 2163 1567 2219 dulcissimos
1636 2163 1804 2219 etiam
1874 2163 2219 2219 romanticos

196 2314 417 2354 errores
479 2314 798 2370 numquam
861 2295 1164 2352 derelictus
1215 2296 1288 2351 sit
1333 2296 1460 2369 (etsi
1507 2299 1703 2369 postea
1755 2313 1812 2351 se
1861 2295 2217 2369 aliquantum

197 2430 539 2487 insanivisse
598 2430 938 2505 contendit),
975 2429 1212 2486 modum
1267 2430 1569 2504 quemdam
1610 2433 1664 2486 et
1712 2428 1818 2484 sibi
1860 2427 1969 2502 ipsi
2008 2431 2063 2484 et
2102 2431 2220 2484 stu-

197 2561 306 2619 diis
331 2562 470 2634 suiS,
505 2566 568 2620 ut
602 2563 682 2619 ita
715 2562 924 2632 dicam,
962 2561 1275 2618 constituit.
1313 2562 1478 2617 Haud
1524 2561 1786 2634 equidem
1833 2560 1950 2616 scio
1992 2579 2064 2615 an
2110 2559 2220 2615 hoc

195 2695 476 2771 placuerit
515 2696 634 2752 sive
683 2695 883 2753 ceteris
937 2694 1268 2751 romanticis
1327 2693 1720 2768 scriptoribuS‚
1771 2693 1889 2749 sive
1945 2691 2216 2766 magistro

193 2829 304 2904 ipsi
385 2847 396 2885 :
481 2846 594 2903 quo
680 2828 861 2903 magis
932 2827 1102 2884 etiam
1174 2826 1489 2882 notandum
1575 2825 1820 2895 videtur,
1897 2828 1962 2881 ut
2050 2824 2218 2898 plane

196 2959 378 3017 critici
432 2959 615 3017 nostri
672 2964 1054 3035 cognoscatur
1108 2958 1423 3033 ingenium.
1476 2957 1587 3025 Qui
1638 2957 1834 3013 scribit
1885 2975 1895 3012 :

281 3143 421 3190 Nous
461 3143 625 3201 aussi,
665 3143 986 3200 avonem-le,
1010 3156 1142 3188 nous
1177 3141 1267 3201 qui
1303 3154 1494 3187 venons
1547 3140 1612 3186 de
1650 3139 1917 3199 parcourir
1950 3151 2036 3184 ces
2091 3140 2217 3198 ages

193 3251 310 3306 trop
346 3245 546 3293 oublies
581 3252 632 3293 et
652 3245 736 3306 d'y
758 3252 965 3292 trouver
985 3246 1047 3303 ca
1079 3251 1130 3291 et
1153 3244 1205 3290 la
1234 3243 1436 3290 d'utiles
1473 3249 1524 3289 et
1563 3242 1835 3302 agreables
1860 3240 2218 3300 dedommage·

194 3354 380 3405 mente»,
409 3362 538 3395 nous
571 3362 635 3395 ne
648 3361 873 3408 povwons
898 3360 1024 3393 noas
1049 3346 1318 3406 empc'cher
1354 3345 1467 3390 d’en
1505 3344 1700 3391 ooaloir·
1722 3346 1755 3389 a
1793 3342 2059 3388 Malherbe
2083 3355 2214 3400 pour

194 3464 291 3497 son
328 3454 557 3498 extreme
581 3451 810 3512 rigueur.
843 3451 976 3511 Deja
1006 3450 1122 3510 plus
1153 3449 1303 3495 d'une
1341 3447 1457 3505 fois,
1486 3447 1579 3494 des
1609 3453 1744 3493 mots
1766 3459 1954 3501 amers,
1981 3444 2218 3490 d’irreve-

195 3559 369 3601 rentes
391 3554 600 3614 pax-oles
622 3567 754 3600 nous
776 3559 894 3599 sont
939 3551 1228 3612 echappees
1255 3565 1344 3597 sur
1365 3564 1459 3596 son
1483 3556 1706 3609 compte.
1737 3549 1784 3594 A
1813 3549 1951 3595 force
1975 3547 2040 3594 de
2071 3547 2216 3593 vivre

156 3633 162 3638 .
199 3670 328 3705 avec
353 3671 439 3705 ses
471 3657 792 3714 devancierS,
819 3669 948 3704 nous
992 3656 1064 3703 les
1086 3669 1240 3703 avons
1265 3654 1443 3710 aime's,
1487 3659 1538 3700 et
1562 3653 1677 3699 lear-
1708 3665 1859 3699 cause
1895 3655 1970 3697 est
1991 3662 2218 3711 presque
2259 3692 2265 3697 .

198 3759 416 3809 decenae
441 3761 493 3808 la
523 3762 692 3809 πότνα.
709 3794 721 3806 .
738 3794 751 3806 .

1985 3856 2017 3908 5
