2762 4316
1458 311 1523 322 .-
1557 283 1626 335 52
1657 312 1725 321 .-

646 441 886 511 Deinde,
937 457 1068 495 cum
1116 440 1247 493 ante
1310 437 1510 492 oculos
1574 437 1797 508 habuit,
1881 456 1985 494 suo
2048 438 2176 494 loco
2239 438 2608 496 inserendum

568 573 866 643 volumini,
943 571 1083 626 illud
1156 569 1223 625 de
1300 572 1481 643 poetae
1556 569 1832 641 Re‘ym’er
1908 570 2097 626 satiris
2165 574 2356 645 caput,
2453 571 2606 645 quod

567 703 917 779 ephemeridi
963 704 1148 758 fuerat
1190 702 1488 771 insertum,
1546 703 1771 776 putavit
1818 721 1906 758 res
1954 723 1987 758 a
2048 722 2105 759 se
2151 703 2381 777 iteratas
2417 703 2608 760 verbis

573 857 597 892 ‹<
656 840 720 892 ut
777 836 897 909 jam
942 853 1116 909 supra
1170 833 1387 889 dictum
1441 837 1526 890 est
1599 854 1623 888 >>
1686 835 1951 891 excusari
2014 853 2232 910 posse:

648 1087 686 1133 Il
732 1088 883 1144 rima,
927 1100 995 1132 on
1044 1086 1109 1131 l'a
1148 1086 1326 1143 dit,un
1371 1103 1393 1129 «
1437 1085 1534 1131 Art
1572 1087 1821 1146 poetique
1855 1103 1877 1129 »
1920 1087 2005 1144 (1).

639 1324 749 1381 Sed
821 1342 953 1379 eum
1035 1322 1182 1396 fugit
1273 1341 1353 1392 se,
1436 1322 1548 1378 hoc
1620 1322 1770 1393 loco,
1841 1322 1910 1378 de
2000 1325 2347 1395 Vauquelin
2410 1325 2485 1380 de
2544 1326 2608 1381 la

563 1462 877 1529 Fresnaye
937 1455 1223 1530 judicium
1278 1473 1560 1529 promere,
1623 1455 1789 1528 quasi
1835 1455 1941 1510 iste
1992 1455 2316 1530 legentibus
2371 1455 2608 1530 ignotus

561 1596 615 1647 et
679 1609 864 1646 novus
941 1592 1110 1659 esset,
1190 1592 1253 1644 ut
1340 1591 1462 1644 erat
1528 1587 1782 1661 quidem,
1851 1588 1949 1644 sed
2011 1588 2439 1662 ephemeridem
2490 1607 2608 1645 non

565 1725 776 1780 librum
820 1723 1168 1797 legentibus,

637 1859 748 1915 Sed
816 1857 876 1913 in
932 1855 1257 1931 praesentia,
1331 1857 1529 1910 nostra
1589 1853 1782 1910 minus
1858 1853 2093 1911 interest
2138 1874 2265 1930 quae
2321 1859 2421 1912 aut
2464 1845 2635 1930 quo-¹

564 1992 735 2048 modo
801 2009 973 2066 quam
1037 2008 1140 2045 cur
1206 1991 1262 2044 et
1347 2006 1459 2062 qua
1521 1991 1714 2044 mente
1785 1991 2004 2044 mutata
2053 1988 2169 2044 sint
2233 2007 2604 2063 cognoscere.

564 2127 688 2182 Hoc
735 2128 924 2181 autem
973 2126 1390 2198 praesumptum
1430 2125 1506 2178 et·
1542 2121 1664 2196 jam
1720 2124 1888 2177 antea
1954 2122 2254 2197 cognitum
2304 2123 2603 2182 habemus

561 2259 826 2318 Vidimus
890 2258 1042 2314 enim
1107 2276 1233 2331 quae
1297 2257 1448 2312 facta
1503 2256 1619 2311 sint
1687 2255 1987 2330 scriptoris
2049 2256 2259 2314 studia.
2342 2257 2415 2312 Et
2486 2256 2609 2332 ipse

559 2393 618 2448 in
673 2392 1029 2467 praefatione,
1089 2394 1282 2465 aperte
1331 2389 1648 2447 declaravit
1706 2390 2138 2461 controversiiS,
2182 2389 2382 2447 seculo
2443 2394 2605 2448 sexto

562 2526 782 2582 decimo
822 2526 890 2582 de
931 2543 1138 2600 genere
1178 2522 1408 2580 dicendi
1469 2523 1822 2598 disceptatiS,
1871 2541 1930 2580 se
1980 2524 2428 2581 commixturum
2484 2542 2607 2581 esse

560 2659 955 2716 contentiones
981 2657 1176 2714 seculo
1233 2656 1668 2713 undevicesimo
1707 2659 1882 2726 ortas,
1912 2657 1971 2713 id
2014 2660 2100 2713 est
2131 2657 2279 2713 inter
2323 2657 2603 2715 classicos

563 2797 617 2850 et
654 2792 1003 2849 romanticos
1038 2794 1359 2859 certamen,
1391 2793 1448 2845 et
1489 2789 1839 2864 significavit
1861 2789 1980 2846 fere
2029 2794 2223 2865 aperte
2259 2809 2438 2847 novas
2479 2810 2606 2866 par-

563 2931 647 2982 tes
709 2945 768 2981 se
819 2927 1245 2998 suscepturum.
1302 2922 1590 2992 Ceterum,
1658 2941 1810 2978 anno
1879 2922 2184 2979 millesimo
2249 2924 2607 3000 octingente-

566 3061 712 3116 simo
761 3059 1055 3128 vicesimO,
1107 3059 1331 3126 octaVO,
1391 3055 1704 3130 legentium
1761 3056 2051 3113 neminem
2103 3076 2169 3113 ea
2234 3077 2325 3115 res
2385 3057 2602 3115 fefellit.

569 3194 671 3249 Die
726 3193 878 3249 enim
948 3189 1376 3248 undevicesimo
1457 3189 1670 3246 mensis
1733 3189 1874 3246 Julii
1956 3190 2025 3246 ab
2082 3191 2464 3266 ephemeridis
2517 3193 2608 3248 Le

570 3329 752 3383 Globe
807 3324 1195 3398 conscriptore
1247 3321 1498 3396 quodam
1556 3322 1744 3379 dictus
1786 3326 1906 3379 est:
1954 3343 1978 3378 «
2037 3342 2126 3380 un
2173 3328 2444 3398 critique
2475 3329 2608 3383 ami

569 3462 643 3516 de
667 3476 733 3517 ce
769 3460 949 3530 qu’on
996 3458 1241 3528 appelle
1296 3457 1352 3512 le
1401 3459 1809 3513 romanii-rme
1853 3475 1878 3511 2>
1905 3475 1925 3525 ;
1963 3460 2019 3513 et
2066 3456 2156 3514 die
2197 3461 2400 3532 quarto
2448 3476 2605 3516 men-

647 3793 703 3845 (1)
734 3792 828 3833 Vide
854 3791 905 3839 S,
931 3790 1050 3842 164,
1082 3790 1136 3842 G,
1158 3787 1259 3832 131
1286 3794 1324 3830 οι
1350 3788 1406 3839 L,
1438 3788 1470 3835 Ι,
1496 3786 1617 3832 228.
