2808 4412
1486 356 1552 365 -
1585 292 1652 380 34
1685 357 1750 364 ,-

603 490 743 542 dire
796 489 960 542 aussi
1017 501 1130 554 que
1183 489 1242 553 je
1295 500 1442 539 vous
1489 485 1661 540 avais
1709 483 1929 540 devine’
1979 485 2202 557 (moins
2241 488 2554 555 peut-atre
2596 488 2636 543 ct

599 637 701 675 vos
754 620 1005 674 articles
1050 619 1104 671 si
1159 617 1629 685 remarquables
1675 616 2019 687 d'ailleurS,
2077 619 2218 688 qu’c‘z
2265 623 2440 675 votre
2500 635 2636 677 oon-

601 754 915 808 ver-Sation
963 754 1021 804 et
1067 751 1106 805 ct
1153 753 1327 804 voire
1388 749 1648 823 reyard)
1705 767 1876 820 pour
1935 769 2024 806 un
2071 753 2294 839 poeta
2352 753 2639 823 Souffrez

602 887 757 942 donc
806 901 920 954 que
958 888 1026 954 je
1085 885 1204 939 sois
1265 901 1355 938 un
1411 899 1539 953 peu
1606 887 1728 953 fier
1804 886 1879 940 de
1947 902 2053 941 ma
2099 884 2505 955 peram-aetion
2577 890 2636 943 et

601 1036 715 1090 que
754 1023 821 1089 je
869 1034 966 1072 me
1014 1015 1253 1087 fe'licite
1332 1017 1574 1072 d’avoir
1644 1020 1960 1103 quw-essenti
2043 1036 2132 1074 un
2210 1021 2407 1075 talem
2489 983 2640 1077 d'im

601 1154 790 1209 ordre
839 1153 1005 1207 aussi
1059 1149 1243 1206 eleve'.
1312 1153 1506 1207 Venez
1542 1153 1615 1206 de
1684 1154 1917 1222 yrdce;
1958 1155 2078 1224 j'ai
2125 1154 2300 1208 mille
2349 1155 2551 1210 choses
2598 1154 2638 1210 ὰ

595 1303 740 1342 vous
803 1286 943 1340 dire
997 1303 1016 1351 ;
1068 1301 1147 1339 ou
1207 1287 1394 1355 faites
1442 1287 1568 1340 moi
1623 1289 1833 1341 savoir
1890 1285 1966 1342 ou
2007 1291 2074 1358 je
2144 1289 2446 1357 pourrais
2493 1304 2639 1344 vous

597 1425 872 1477 trouver.
941 1452 1014 1459 —
1078 1421 1257 1474 Votre
1312 1421 1463 1488 ami,
1542 1422 1604 1475 V.
1656 1422 1734 1475 H.
1795 1438 1818 1474 »
1908 1421 2011 1493 (1).
2078 1421 2149 1476 Et
2218 1420 2409 1476 statim
2464 1424 2636 1495 poeta

598 1551 885 1620 laudatuS‚
942 1555 1007 1608 ut
1054 1551 1137 1621 fit,
1191 1551 1505 1607 laudatoris
1551 1555 1740 1625 partes
1797 1552 1933 1608 hine
1983 1552 2105 1627 jam
2160 1557 2391 1610 secutus
2454 1558 2558 1611 est.

673 1684 784 1742 Sed
835 1703 1184 1759 quamquam
1239 1684 1309 1740 ad
1367 1684 1540 1740 fidem
1604 1685 1981 1742 romantieam
2030 1705 2150 1743 sese
2210 1687 2334 1762 jam
2383 1688 2636 1745 contule-

597 1823 703 1889 rat,
763 1818 1142 1875 nihilominus
1204 1817 1264 1874 in
1325 1819 1641 1876 contrarias
1695 1820 2006 1891 sententias
2063 1820 2291 1878 animus
2351 1821 2477 1896 ejus
2523 1822 2640 1878 dis-

595 1953 948 2009 trahebatur.
1001 1953 1200 2027 Neque
1250 1953 1403 2009 enim
1452 1957 1757 2028 praecepta,
1819 1973 1967 2029 quae,
2017 1954 2391 2012 classicorum
2447 1955 2637 2031 operi-

595 2088 704 2142 bus
762 2086 1016 2142 studiose
1056 2087 1218 2143 lectis
1270 2087 1581 2162 sedulaque
1638 2107 1811 2144 manu
1867 2089 2130 2159 versatiS‚
2174 2089 2403 2163 penitus
2461 2090 2639 2146 menti

600 2221 772 2277 insita
819 2226 997 2292 erant,
1067 2222 1253 2295 primo
1321 2241 1550 2296 quoque
1586 2214 1872 2296 *tempore
1931 2223 2116 2298 perire
2183 2226 2351 2297 atque
2422 2223 2635 2279 exstin-

600 2356 698 2429 gui
788 2358 1053 2430 poterant
1119 2374 1131 2424 ;
1233 2374 1416 2430 neque
1480 2355 1886 2430 quodcumque
1954 2356 2259 2413 romantiei
2324 2356 2634 2432 scriptores

600 2489 873 2545 audacius
943 2490 1248 2561 audebant,
1312 2491 1500 2564 primo
1561 2509 1789 2565 quoque
1839 2451 2095 2566 tempore
2163 2491 2296 2548 felix
2362 2496 2418 2550 et
2475 2494 2637 2549 omni

602 2626 759 2697 parte
849 2623 1166 2698 perfeetum
1229 2623 1431 2681 videri.
1503 2624 1702 2698 Itaque
1750 2624 1916 2680 haesit
1990 2623 2343 2699 aliquamdiu
2400 2631 2633 2698 noster;

599 2757 765 2831 eujus
842 2758 889 2812 si
968 2757 1288 2832 diligenter
1342 2757 1711 2832 perlegantur
1783 2757 2014 2833 scripta,
2098 2777 2226 2833 quae
2297 2780 2331 2815 a
2436 2779 2635 2818 mense

603 2890 913 2947 Februario
992 2891 1127 2946 anni
1200 2869 1489 2947 millesimi
1564 2890 2028 2966 octingentesimi
2094 2859 2355 2949 vicesimi
2409 2893 2639 2970 septimi

603 3042 784 3098 usque
834 3025 903 3080 ad
960 3043 1218 3081 mensem
1268 3024 1585 3092 Quintilem
1616 3025 1752 3081 anni
1813 3024 2107 3082 millesimi
2172 3027 2637 3102 octingentesimi

601 3158 860 3214 vicesimi
904 3159 1091 3216 octavi
1136 3159 1493 3235 ‘composuit,
1561 3159 1739 3215 animi
1812 3159 1972 3216 dubii
2035 3179 2102 3217 ae
2159 3160 2392 3218 solliciti
2456 3161 2638 3219 multa

603 3290 765 3365 signa
812 3294 1178 3350 inveniantur
1222 3294 1323 3369 (2).

677 3424 822 3491 Quae
871 3426 1256 3501 inveniemus„
1285 3446 1514 3501 quoque
1562 3428 1622 3482 in
1682 3427 1866 3503 primo
1931 3431 2088 3485 textu
2169 3428 2323 3501 libri,
2385 3429 2452 3486 de
2522 3447 2636 3504 quo

704 3753 759 3804 (ἱ)
792 3754 885 3794 Vide
911 3754 953 3794 V.
983 3755 1107 3805 Haeo,
1138 3755 1464 3807 Correspondance,
1493 3757 1755 3807 1815-1835‚
1772 3768 1812 3808 p.
1842 3755 1959 3798 262.

702 3846 759 3898 (2)
786 3849 879 3890 Vide
899 3850 1087 3901 uremur,
1114 3850 1189 3902 Op.
1221 3850 1325 3892 laud.
1352 3863 1437 3903 cap.
1457 3852 1519 3891 vl.
