2762 4316
1097 245 1360 297 -47-

214 390 367 447 haud
419 409 586 450 secus
641 396 812 468 atque
873 395 1227 452 romanticus
1283 397 1542 471 quidam,
1578 398 1844 474 scriptor,
1892 399 2054 456 illum
2103 419 2235 457 cum

211 526 383 597 poeta
439 524 709 582 Chdnier
756 530 1066 601 comparet,
1131 531 1188 584 et
1233 529 1387 585 haud
1435 549 1598 587 secus
1655 535 1822 606 atque
1883 533 2234 589 romanticus

210 654 472 730 scriptor,
521 656 712 731 legum
763 658 1134 716 classicarum
1181 664 1443 718 auctores
1503 665 1828 722 Malherbe
1879 668 1935 721 et
1974 666 2234 723 Boileau

209 787 487 845 erravisse
542 789 826 864 significet
862 810 873 846 :

294 1045 378 1094 On
428 1038 575 1108 peut*
599 1061 870 1108 comparer
914 1056 1046 1096 cette
1090 1050 1348 1097 imitation
1404 1052 1620 1112 exquise
1677 1053 1744 1099 de
1800 1054 1932 1100 Bion
1984 1068 2114 1101 avec
2173 1054 2226 1101 la

204 1149 429 1196 seconde
491 1149 654 1210 elegie
708 1150 933 1197 d'Andre
998 1151 1231 1200 Chenier.
1290 1154 1383 1200 ‚On
1451 1161 1695 1202 trouvera
1757 1158 1924 1203 meme
1977 1163 2121 1203 entre
2174 1157 2227 1204 la

202 1253 431 1300 maniere
476 1253 541 1300 de
586 1267 645 1301 ce
683 1255 890 1302 dernier
938 1262 990 1302 et
1040 1257 1164 1303 celle
1221 1256 1287 1303 de
1341 1258 1581 1304 Ronsard
1629 1260 1746 1318 plus
1805 1259 1955 1306 d'une
2011 1273 2230 1307 ressem-

202 1354 387 1404 blance
431 1355 465 1402 ὰ
513 1356 782 1404 l'honnear·
821 1358 883 1404 de
919 1363 1030 1405 tous
1065 1360 1214 1406 deux.
1260 1360 1372 1407 Une
1413 1361 1609 1408 facture
1645 1362 1892 1422 originale
1930 1362 2024 1409 des
2054 1376 2174 1409 vers
2209 1378 2222 1420 ;

202 1458 297 1507 des
338 1459 531 1507 formes
576 1459 642 1507 de
684 1461 907 1522 phrases
953 1462 1194 1523 antiques
1241 1470 1293 1509 et
1333 1477 1527 1510 neuves
1569 1466 1602 1510 a
1639 1465 1691 1510 la
1732 1464 1831 1510 fois
1868 1478 1881 1521 ;
1925 1479 2024 1511 une
2067 1465 2228 1512 allure

202 1563 434 1623 pressee,
480 1563 682 1624 inegale
725 1570 777 1611 et
813 1564 943 1612 libre
983 1580 995 1622 ;
1043 1566 1189 1626 point
1241 1567 1308 1614 de
1352 1570 1638 1614 trainantes
1686 1567 2028 1628 appositionS‚
2073 1567 2229 1628 (Ρόρί-

197 1664 367 1714 thetes
416 1665 669 1724 oiseuseS‚
716 1667 783 1714 de
840 1675 1196 1715 mouvements
1251 1671 1570 1730 compasses.
1628 1671 1763 1718 C’est
1825 1685 1924 1731 que
1990 1670 2228 1718 Ronsard

197 1773 276 1816 est
311 1782 441 1818 vena
476 1774 630 1818 avant
673 1770 746 1817 les
802 1771 1066 1831 pre'ceptes
1119 1773 1180 1819 de
1242 1772 1511 1820 Malherbe
1561 1779 1611 1819 et
1661 1774 1722 1820 de
1774 1774 2039 1829 Boileaa;
2102 1773 2223 1821 c’est

196 1872 466 1934 qu'Andrd
527 1873 745 1921 Ghdnier·
804 1889 836 1920 a
896 1888 958 1922 sa
1016 1876 1125 1922 s’en
1180 1876 1487 1937 affranchtr,
1526 1882 1576 1923 et
1613 1877 1723 1923 cela
1767 1891 1867 1937 par·
1906 1877 2115 1924 instinct
2160 1877 2223 1923 de

195 1976 352 2038 genie
377 1977 551 2038 plutdt
582 1992 681 2039 que
708 1993 813 2038 par·
853 1981 1078 2037 systdme
1111 1979 1469 2027 d'innooation.
1507 1980 1631 2026 L’un
1660 1981 1855 2027 n’avait
1889 1994 1987 2040 pas
2024 1980 2220 2041 appris,

193 2079 376 2127 l’autre
421 2081 566 2128 avait
608 2081 780 2128 oublie
822 2082 898 2128 les
942 2096 1039 2141 pas
1079 2083 1401 2130 artistement
1444 2083 1694 2130 cadences
1740 2084 1811 2129 du
1857 2091 2064 2130 menuet
2103 2083 2219 2143 poe-

197 2182 339 2244 tique
382 2186 466 2244 (1).

269 2455 411 2524 Quae
473 2475 604 2514 cum
657 2458 737 2514 ita
783 2458 996 2532 scripta
1038 2459 1171 2528 sint,
1216 2459 1352 2533 quid
1409 2464 1494 2515 est
1551 2478 1739 2516 causae
1782 2479 1884 2516 cur
1939 2479 2140 2517 versus
2187 2480 2220 2516 a

197 2591 485 2649 Romard
530 2594 586 2648 et
635 2591 905 2649 Che'nier
952 2592 1254 2666 compositi
1316 2591 1640 2660 laudentur,
1723 2593 1834 2648 nisi
1914 2593 2066 2667 quod
2135 2593 2219 2649 illi

200 2726 383 2798 poetae
443 2742 562 2780 non
629 2725 811 2781 secuti
865 2724 979 2780 sint
1030 2729 1312 2799 praecepta
1358 2744 1392 2779 a
1451 2727 1775 2782 Malherbe
1838 2728 1894 2781 et
1958 2726 2220 2782 Boileau

197 2855 424 2916 tradita.
463 2856 628 2914 Unde
660 2857 824 2914 facile
856 2816 1065 2914 inferas
1111 2858 1220 2913 ista
1273 2861 1556 2931 praecepta
1603 2858 1760 2931 poesi
1813 2857 2219 2915 detrimentum

197 2987 475 3058 attulisse,
540 2989 886 3063 quibusdam
932 2990 1133 3045 saltem
1202 2989 1480 3063 partibus,
1532 2989 1642 3046 Ubi
1683 2994 1960 3064 tempora,
2009 2991 2217 3064 quibus

194 3122 645 3180 Sainte-Beuve
717 3123 984 3180 laudibus
1053 3122 1376 3192 extollebat,
1443 3140 1612 3195 quem
1684 3123 2018 3180 nominabat
2082 3146 2108 3177 ‹<
2161 3127 2218 3181 le

187 3255 367 3325 poete
423 3256 499 3312 de
555 3258 619 3312 la
667 3258 882 3312 raison
933 3274 958 3309 »
1028 3258 1127 3311 aut
1200 3274 1224 3309 κ
1295 3256 1350 3309 le
1403 3255 1633 3309 maitre
1690 3259 1749 3310 et
1819 3258 1875 3311 le
1931 3259 2100 3313 rival
2143 3258 2218 3313 de

193 3388 428 3444 Racine
491 3406 543 3459 ³),
592 3391 650 3444 et
709 3386 820 3444 illis
866 3386 1261 3462 gratulabatur
1310 3384 1408 3458 qui
1455 3384 1592 3439 satis
1637 3385 1879 3443 audaces
1939 3392 2100 3443 erant
2151 3393 2218 3445 ut

269 3666 325 3718 (1)
343 3666 439 3707 Vide
463 3666 525 3713 G,
542 3665 568 3706 4
596 3671 675 3707 oct.
695 3687 745 3696 ·-
773 3666 846 3713 Qui
873 3665 985 3706 locus
1008 3670 1179 3706 mutatus
1206 3670 1267 3705 est
1301 3663 1345 3704 in
1376 3662 1427 3709 Β,
1467 3663 1585 3714 109,
1613 3663 1664 3711 C,
1695 3662 1762 3704 '73
1817 3669 1950 3705 annot.
1976 3671 2013 3706 et
2052 3666 2135 3715 85.
2175 3674 2214 3710 et

194 3739 252 3792 Β,
279 3738 383 3783 130
405 3746 542 3782 annot.
573 3745 612 3781 et
632 3739 750 3782 150.
