2762 4316
1337 318 1403 328 -
1437 290 1505 343 74
1538 317 1603 330 .-

521 446 915 504 Lausannensi
960 448 1151 500 autem
1198 444 1267 499 ab
1324 443 1467 501 urbe
1503 420 1823 520 regressus,
1868 464 2002 502 cum
2051 434 2173 522 jam
2214 447 2483 506 omnibus
2533 465 2538 468 ’

445 580 514 636 de
545 578 915 653 philosophia
955 579 1055 632 aut
1111 574 1409 650 relligione
1458 578 1613 634 curis
1677 588 1737 634 se
1788 579 2122 636 exsolvisset
2184 584 2240 636 et
2295 582 2487 655 quieta

440 711 841 768 incredulitate
899 712 1203 766 contentus
1249 713 1418 782 esset,
1465 711 1646 767 otium
1689 712 1739 768 ei
1774 712 1882 768 fuit
1929 713 2250 774 litterarum
2297 714 2486 770 denuo

445 844 896 900 tractandarum.
951 842 1063 900 Sed
1108 845 1248 899 tunc
1303 843 1621 900 ambitiosis
1675 844 2155 920 philosophorum
2207 846 2486 904 doctrinis

445 978 891 1054 ingentibusque
933 977 1232 1052 promissis
1296 977 1530 1034 minime
1574 978 1695 1052 jam
1759 978 2104 1051 confidebat,
2162 981 2282 1054 qui,
2336 999 2488 1038 anno

445 1111 750 1167 millesimo
837 1110 1319 1184 octingentesimo
1411 1110 1699 1167 tricesimo
1794 1116 2020 1184 octavo,
2107 1113 2387 1171 scriberet
2471 1133 2484 1170 2

444 1261 473 1293 a
508 1243 615 1295 Les
657 1242 972 1311 principes
1018 1257 1091 1295 ne
1148 1243 1355 1296 valent
1412 1258 1522 1311 que
1579 1258 1742 1312 pour
1792 1260 1855 1297 ce
1913 1247 2090 1315 qu’on
2134 1260 2176 1314 y
2230 1249 2353 1299 met
2413 1245 2487 1300 de

446 1376 813 1445 particulier
875 1380 934 1429 et
985 1376 1057 1430 de
1123 1376 1421 1445 correctis
1467 1378 1785 1446 perpetuel
1841 1376 1997 1432 dans
2035 1379 2482 1447 l'application.

449 1512 526 1566 Ge
572 1514 707 1564 sont
750 1511 809 1564 Ζᾱ
860 1511 960 1565 des
1006 1512 1236 1579 formes
1295 1512 1368 1566 de
1410 1513 1691 1581 passions
1748 1517 1810 1566 et
1858 1527 2117 1581 presque
2175 1513 2247 1566 de
2307 1512 2494 1567 mala·

439 1646 564 1700 dies
609 1661 719 1714 que
769 1646 847 1699 les
877 1648 1092 1714 jeunes
1134 1646 1348 1699 talents
1395 1645 1642 1699 doivent
1671 1640 1934 1714 presque
1976 1645 2487 1700 necessairement

444 1783 797 1844 traverser;
844 1779 922 1833 ils
972 1779 1340 1833 deviennent
1394 1779 1673 1834 d'autant
1734 1780 1874 1849 plus
1921 1780 2094 1833 murs
2141 1795 2221 1848 qu
2222 1780 2316 1834 ’ils
2363 1782 2487 1834 s’en

444 1914 742 1982 deyayent
797 1913 935 1982 plus
981 1913 1465 1982 completemerct.
1526 1914 1614 1967 On
1660 1929 1736 1968 ne
1792 1929 1964 1982 passe
2013 1915 2195 1982 point
2248 1913 2490 1982 indiffe-

445 2051 743 2101 remment
782 2061 924 2100 sans
969 2046 1149 2101 doute
1179 2062 1305 2115 par
1347 2061 1440 2101 ces
1474 2047 1678 2101 divers
1725 2048 2042 2116 systemes;
2083 2062 2161 2101 on
2197 2062 2274 2100 en
2296 2046 2490 2116 yarde

447 2182 547 2235 des
595 2182 1004 2250 impressions,
1056 2181 1158 2235 des
1209 2182 1437 2245 miudes,
1483 2197 1569 2234 un
1611 2181 1705 2250 pli
1730 2197 1750 2246 ‚·
1792 2183 1950 2235 mais
2013 2182 2176 2250 enfin
2238 2181 2355 2235 l'on
2418 2196 2492 2235 en

449 2319 596 2379 sort,
642 2315 849 2384 quand
897 2330 974 2368 οη
1022 2330 1061 2370 α
1107 2330 1193 2368 un
1241 2315 1429 2369 talem
1475 2315 1719 2384 capable
1764 2315 1835 2369 de
1879 2315 2226 2369 maturiten
2256 2316 2353 2382 (1).

521 2449 648 2517 Qua
696 2452 886 2505 mente
929 2451 1050 2504 erat
1094 2448 1218 2524 ipse
1274 2452 1330 2504 et
1366 2449 1638 2506 omnibus
1688 2449 1940 2506 vinculis
1981 2448 2227 2506 emissus
2252 2482 2328 2490 —
2359 2467 2491 2506 cum

447 2587 640 2639 tamen
694 2585 1144 2657 agnoscerentur
1212 2581 1410 2656 aliqua
1473 2601 1499 2638 α
1558 2581 1767 2638 veteris
1822 2581 2066 2657 vestigia
2125 2582 2373 2638 flammae
2432 2600 2485 2640 ».

450 2716 650 2790 Itaque
722 2693 1034 2771 arbitratus
1089 2718 1175 2770 est
1236 2714 1610 2789 quaerendam
1673 2733 1798 2772 esse
1863 2715 1923 2770 in
1991 2714 2195 2771 litteris
2243 2714 2492 2771 mediam

448 2849 604 2905 illam
693 2850 867 2921 viam,
947 2868 1074 2924 quae
1150 2852 1313 2921 tunc,
1374 2849 1529 2923 quod
1618 2849 1688 2906 ad
1782 2848 2197 2923 rempublicam
2269 2848 2489 2920 attinet,

451 2983 748 3040 dicebatur
791 2985 1231 3056 juste-milieu.

523 3118 599 3175 Ut
670 3117 846 3192 igitur
931 3116 1179 3174 mediam
1251 3116 1404 3172 viam
1481 3115 1784 3186 inveniret,
1867 3115 1938 3171 ab
2016 3115 2128 3172 hoc
2213 3118 2490 3190 tempore,

452 3252 645 3307 enisus
695 3254 798 3306 est.
853 3250 1078 3306 Etenim
1129 3255 1326 3307 totum
1378 3250 1819 3306 romantismum
1863 3249 2100 3324 rejicere
2149 3267 2266 3304 non
2325 3248 2376 3304 ei
2432 3248 2493 3303 in

451 3389 639 3441 mente
690 3387 830 3455 erat,
893 3403 1024 3440 cum
1081 3384 1212 3455 sibi,
1269 3386 1335 3440 ut
1379 3384 1462 3455 fit,
1519 3373 1846 3458 indulgeret
1908 3401 2015 3440 nec
2080 3383 2243 3440 fateri
2300 3384 2495 3457 posset

456 3536 514 3573 se
570 3518 805 3574 omnino
881 3518 1179 3574 erravisse.
1250 3518 1516 3592 Insuper,
1575 3535 1709 3573 cum
1777 3534 1940 3572 mens
2009 3515 2133 3590 ejus
2190 3514 2494 3590 praeceptis

528 3806 585 3857 (1)
610 3806 703 3847 Vide
725 3807 908 3847 Premiers
935 3806 1092 3855 Lundie,
1123 3806 1175 3858 11,
1204 3805 1296 3849 823.
