2808 4412
1416 367 1483 379 ..
1515 339 1582 393 28
1615 367 1681 377 .-

530 497 619 553 die
690 496 986 570 cupiverat
1064 492 1331 566 operibus
1393 493 1640 550 laudatis
1718 495 1840 570 ipse
1916 495 2140 563 florere,
2214 498 2280 551 ut
2351 514 2562 553 nomen
2631 542 2634 544 .

535 647 706 685 suum
791 626 1015 699 insigne
1095 624 1324 698 scriptis
1400 627 1648 700 propriis
1736 627 1967 685 faceret.
2045 628 2244 701 Itaque
2324 628 2565 702 jamjam

541 760 610 816 ad
656 777 855 814 versus
927 756 1376 813 conscribendos
1449 776 1759 833 aggressus
1816 762 1956 831 erat,
2017 759 2247 833 quibus,
2305 779 2449 817 voce
2503 764 2568 818 ut

534 891 613 946 ita
660 890 846 946 dicam
910 888 1179 959 demissa,
1239 889 1475 946 annales
1533 890 1667 947 vitae
1724 910 1842 948 suae
1890 891 2127 948 humilis
2177 895 2404 949 caneret
2458 893 2562 969 (1).

529 1024 764 1094 Tamen,
841 1040 973 1077 cum
1041 1040 1100 1077 se
1162 1022 1396 1078 sentiret
1458 1022 1539 1078 ita
1600 1023 1805 1080 rudem
1863 1029 1918 1081 et
1981 1024 2335 1099 imperitum,
2395 1044 2565 1082 nemo

530 1158 649 1211 erat
708 1174 741 1209 a
816 1173 928 1228 quo
1000 1152 1240 1210 consilia
1321 1157 1536 1229 peteret
1615 1159 1671 1211 et
1738 1175 1852 1230 quo
1939 1156 2214 1231 magistro
2287 1160 2562 1216 uteretur.

529 1289 789 1361 Namque
838 1305 969 1343 cum
1018 1285 1178 1343 nullo
1252 1286 1635 1359 adulescente,
1709 1288 1900 1362 poesis
1969 1289 2248 1361 studiose,
2315 1289 2568 1347 amicitia

526 1421 1005 1495 conjungebatur,
1058 1440 1090 1475 a
1138 1438 1252 1494 quo
1301 1421 1773 1495 reprehendenda
1819 1423 1881 1477 in
1917 1423 2278 1498 poematibus
2319 1423 2568 1499 benigne

529 1558 882 1611 notarentur.
954 1554 1103 1610 Suos
1162 1557 1355 1610 autem
1402 1556 1731 1629 magistroS,
1793 1556 1892 1629 qui
1962 1556 2384 1630 ephemeridem
2442 1575 2567 1632 per-

529 1690 877 1760 scribebant,
907 1689 1169 1764 quamvis
1198 1688 1439 1745 historia
1463 1688 1950 1764 philosophiaque
1982 1689 2242 1762 callidos,
2266 1690 2395 1765 jure
2423 1690 2570 1747 exis-

524 1823 766 1878 timabat
829 1821 1122 1896 elegorum
1179 1840 1384 1896 parum
1446 1821 1840 1897 intellegentes
1905 1822 2002 1897 (2).
2079 1823 2220 1891 Quae
2286 1841 2419 1880 cum
2489 1824 2570 1880 ita

524 1960 734 2027 essent,
779 1959 834 2012 et
879 1973 1031 2027 cum,
1087 1955 1421 2012 auctoribus
1486 1956 1791 2012 destitutus
1841 1959 1896 2012 et
1949 1959 2155 2012 natura
2201 1956 2446 2030 pudenS,
2507 1975 2568 2013 se

524 2090 783 2146 versibus
830 2093 1015 2146 totum
1066 2089 1202 2146 dare
1243 2089 1551 2160 dubitaret,
1609 2090 1900 2163 quaerebat
1947 2090 2311 2146 occasionem
2357 2089 2569 2147 virium

525 2223 927 2280 tentandarum
972 2223 1032 2278 in
1095 2223 1284 2280 medio
1342 2210 1592 2298 quodam
1648 2223 1936 2280 scribendi
1985 2241 2212 2298 genere,
2282 2234 2337 2280 et
2393 2227 2568 2280 mate-

531 2358 674 2412 riam
724 2375 835 2431 qua
883 2356 1055 2414 simul
1104 2376 1163 2413 se
1214 2377 1246 2412 a
1309 2375 1480 2431 grege
1541 2359 1863 2412 secerneret
1908 2355 2355 2431 facultatemque
2404 2374 2569 2413 suam

530 2491 844 2566 perficeret.
892 2491 1059 2547 Haud
1115 2491 1512 2565 intempestive
1571 2490 1622 2547 ei
1678 2489 1896 2547 Gallica
1940 2490 2254 2547 Academia
2309 2493 2365 2547 et
2406 2509 2546 2546 occa

526 2623 745 2679 sionem
820 2627 875 2679 et
929 2623 1228 2680 materiam
1311 2623 1606 2699 praebuit3
1681 2643 1808 2698 quae
1877 2643 2072 2681 mense
2164 2623 2361 2682 Sextili
2429 2623 2567 2681 anni

531 2756 820 2813 millesimi
862 2757 1322 2831 octingentesimi
1372 2757 1632 2815 vicesimi
1664 2758 1828 2828 sexti,
1874 2758 2184 2815 certamine
2220 2758 2570 2833 scriptorum

535 2893 862 2964 commisso,
909 2895 1315 2967 argumentum
1365 2891 1683 2949 disserendi
1735 2892 2037 2967 proposuit
2068 2911 2078 2948 :
2107 2895 2402 2950 Discours
2455 2909 2571 2949 sur

531 3026 833 3083 l'histoire
880 3029 955 3083 de
1024 3029 1087 3084 Za
1135 3029 1364 3099 lanyue
1443 3029 1505 3084 et
1575 3029 1650 3084 de
1728 3029 1791 3084 la
1838 3026 2202 3084 litterature
2246 3029 2570 3098 franssaise

533 3162 749 3231 depuis
796 3163 879 3217 les
938 3165 1485 3218 commencements
1525 3162 1610 3217 du
1648 3163 1809 3217 XVIe
1853 3161 2037 3218 siecle
2073 3159 2362 3232 jusqu'en
2399 3161 2565 3216 1640.

532 3291 726 3346 Nostri
799 3292 1093 3366 scriptoris
1165 3292 1465 3367 municeps
1536 3291 1631 3348 ille
1695 3294 1982 3362 Daunou,
2048 3309 2241 3348 rerum
2319 3289 2541 3348 Gallica

535 3443 661 3481 rum
734 3425 1204 3500 diligentissimus
1275 3427 1671 3502 investigator,
1743 3445 1856 3500 quo
1926 3429 2141 3500 septem
2190 3425 2313 3500 jam
2385 3442 2568 3482 annos

606 3693 659 3744 (1)
687 3693 779 3734 Vide
808 3694 963 3742 Lundts,
981 3695 1046 3746 xl,
1074 3695 1190 3736 532.
1217 3708 1239 3733 «
1265 3695 1437 3735 C'etawnt
1458 3695 1519 3735 des
1544 3701 1687 3748 poemes
1714 3695 1757 3735 de
1781 3693 1983 3735 sentiment
2004 3698 2081 3734 tout
2102 3693 2247 3739 intime,
2263 3703 2348 3732 avec
2371 3692 2433 3732 des
2455 3692 2545 3734 inex

533 3768 716 3818 periences
736 3769 778 3807 de
807 3770 923 3818 forme
946 3773 979 3807 et
1003 3769 1046 3808 de
1073 3770 1168 3820 style
1195 3782 1232 3810 n.

606 3863 662 3914 (2)
688 3863 779 3903 Vide
802 3864 979 3906 Portraits
1007 3866 1313 3919 contemporains,
1343 3866 1375 3918 1,
1403 3863 1524 3908 ⁴89.
