2808 4412
0 122 44 199 ¹⁰1.
0 0 47 90 *Fra

50 19 70 50 ,ῃ
50 0 63 5 =

1059 349 1320 399 -19-

185 519 302 558 suae
355 500 632 575 periclum
697 500 923 571 faceret,
1006 500 1056 556 ei
1125 501 1416 574 proposita
1485 505 1621 558 sunt
1696 501 2064 558 describenda
2134 522 2201 559 ac

185 633 472 690 historicis
535 632 958 688 narrationibus
1035 633 1314 703 ornanda,
1382 633 1508 689 loca
1594 638 1745 690 terra
1810 635 2067 709 marique
2131 636 2201 691 ad

184 766 461 822 orientem
504 764 630 836 sita,
682 764 741 819 in
796 764 1003 838 quibus
1051 764 1234 821 Graeci
1282 765 1552 822 adversus
1606 767 1818 823 Turcas
1868 767 2205 824 rebellantes

184 901 324 956 tunc
378 897 696 954 libertatem
746 915 907 953 suam
962 897 1204 971 egregiis
1266 898 1428 954 factis
1490 899 1878 957 vindicabant.
1951 900 2208 957 Breviter

182 1049 322 1088 vero
363 1031 415 1087 ei
464 1049 800 1087 concessum
840 1033 925 1086 est
972 1034 1035 1086 ut
1075 1030 1294 1104 judicia
1343 1051 1447 1087 sua
1485 1032 1823 1106 exprimeret
1869 1033 1937 1089 de
1985 1033 2209 1108 scriptis

189 1163 558 1240 quibusdam,
594 1162 1079 1238 scriptoribusque
1106 1162 1277 1237 hujus
1305 1164 1574 1237 temporis
1621 1166 1957 1223 minoribuS.
1989 1166 2211 1233 Quibus

183 1297 419 1374 judiciis
471 1295 878 1372 pronuntiatiS‚
916 1299 971 1352 et
1033 1296 1241 1352 clarius
1295 1297 1414 1370 ipse
1468 1297 1744 1353 intellexit
1789 1303 1844 1354 ct
1891 1299 2213 1373 expressius

188 1430 250 1487 in
307 1429 561 1487 medium
622 1429 752 1485 tulit
798 1447 938 1503 quas
987 1428 1054 1484 de
1104 1431 1222 1484 arte
1278 1429 1562 1485 scribendi
1605 1430 1894 1486 doctrinas
1940 1431 2217 1505 reciperet

194 1563 544 1637 foveretque.

270 1695 560 1753 Doctrinae
640 1698 828 1751 autem
907 1713 986 1750 eae
1051 1698 1184 1750 sunt
1243 1695 1466 1765 mediae,
1518 1695 1727 1769 quibus
1787 1700 1976 1753 tavere
2056 1697 2219 1771 quasi

199 1847 432 1887 necesse
492 1831 614 1884 erat
655 1828 926 1901 juvenem
973 1826 1070 1900 qui
1115 1827 1438 1900 nuperrime
1496 1827 1865 1884 classicorum
1913 1828 2221 1885 illustrium

195 1962 373 2039 polita
419 1980 593 2036 opera
630 1959 975 2016 versavisset
1012 1978 1186 2015 manu
1227 1959 1457 2015 assidua
1490 1980 1823 2035 summaque
1850 1961 2223 2018 admiratione

197 2093 551 2171 perlegisset,
604 2112 734 2149 cum
783 2096 971 2147 tamen
1033 2092 1181 2147 inter
1235 2091 1457 2147 sodales
1506 2093 1682 2148 vitam
1750 2096 1942 2167 ageret
2008 2093 2222 2167 aliquid

199 2227 333 2284 novi
395 2247 462 2283 ac
511 2225 842 2283 recentioris
889 2224 1052 2280 valde
1097 2225 1408 2298 cupientes,

272 2363 420 2419 Nam
469 2360 688 2436 judicio
741 2359 886 2433 ejuS,
937 2358 1240 2432 septimum
1305 2358 1591 2414 decimum
1652 2359 1927 2429 seculum,
1991 2380 2014 2414 «
2081 2359 2222 2416 illud

196 2499 314 2552 tam
370 2494 733 2570 splendidum
787 2510 972 2547 aevum
1024 2511 1073 2561 »,
1150 2491 1312 2564 quasi
1378 2511 1401 2545 «
1477 2510 1647 2547 aurea
1702 2492 1904 2547 litteris
1971 2491 2223 2547 colendis

201 2633 336 2687 aetas
379 2648 403 2684 )
451 2628 526 2703 (1)
583 2627 842 2683 habetur.
917 2625 1193 2679 Praeterea
1270 2641 1465 2678 omnes
1537 2624 1634 2696 qui
1695 2624 2048 2698 temporibus
2110 2623 2223 2679 illis

199 2762 412 2837 scripta
466 2759 911 2834 composuerunt
965 2759 1019 2811 et
1069 2754 1294 2811 laudem
1344 2755 1530 2810 meriti
1577 2759 1728 2826 sunt,
1764 2755 1952 2810 verbis
1993 2755 2225 2830 amplis-

200 2895 359 2952 simis
413 2892 635 2963 attollit,
681 2923 756 2932 —
806 2908 922 2945 non
962 2887 1132 2943 modo
1172 2907 1317 2961 quos
1358 2895 1544 2955 νεώτεροι
1580 2888 1656 2962 (2)
1720 2888 1803 2962 (ut
1847 2906 1946 2961 per
2003 2887 2223 2943 irrisio-

203 3044 334 3083 nem
377 3025 456 3081 ait
488 3022 730 3094 Tullius)
770 3020 937 3077 venia
970 3018 1213 3093 quadam
1239 3019 1349 3092 ipsi
1389 3023 1679 3091 tamquam
1712 3017 2220 3092 prosequebantur,

204 3162 270 3216 ut
314 3159 576 3215 Meliore
632 3158 687 3211 et
725 3157 813 3209 La
862 3155 1187 3218 Fontame,
1247 3150 1344 3205 sed
1386 3150 1511 3205 illos
1559 3151 1727 3205 etiam
1784 3168 2027 3222 quorum
2069 3149 2225 3223 inge-

210 3291 307 3347 nia
354 3290 663 3364 laudesque
701 3284 1196 3342 vehementissime
1240 3283 1645 3338 detrectabant.
1679 3285 1914 3339 Hacine
1945 3284 2225 3350 nostrum,

210 3424 446 3501 perfecti
485 3426 669 3498 poetae
716 3417 1004 3492 exemplar
1035 3416 1373 3472 imitandum
1430 3418 1878 3473 Sainte-Beuve
1916 3415 2229 3489 aequalibus

290 3682 348 3734 (1)
370 3680 464 3722 vide
484 3679 665 3720 Premiers
688 3677 841 3724 Lundis,
871 3676 904 3727 l,
934 3675 1035 3716 155
1066 3687 1075 3714 :
1107 3686 1128 3714 «
1159 3675 1208 3714 les
1233 3675 1457 3716 delicatesses
1488 3676 1578 3715 d'un
1607 3676 1640 3715 si
1676 3675 1765 3714 beau
1788 3675 1895 3715 siecle
1930 3686 1984 3722 »ς
2016 3672 2090 3715 156
2116 3685 2126 3713 :
2149 3684 2170 3711 α
2197 3684 2236 3712 ce

220 3756 375 3797 therme
393 3757 415 3795 ἀ
433 3755 574 3806 jamnis
598 3753 754 3793 ἑυαποιιί
772 3752 822 3791 du
843 3749 962 3801 qrand
987 3748 1051 3800 dyc
1073 3749 1262 3790 liner-aire.

288 3852 349 3904 (2)
377 3851 432 3891 Aa
459 3851 587 3898 Amo„
614 3850 696 3899 vu,
723 3849 771 3900 2,
798 3848 834 3889 ι.
