2808 4412
1416 322 1484 334 ..-
1515 289 1682 346 26.-

535 451 817 508 addideris
879 451 948 506 de
1009 449 1180 505 rebus
1245 445 1459 503 divinis
1531 450 1587 502 et
1653 445 1919 503 civilibus
1978 445 2207 520 penitus
2261 446 2565 504 dissentire

534 582 912 658 ephemeridis
967 585 1056 637 La
1117 582 1290 636 Muse
1371 582 1692 651 franpaise
1771 578 2216 653 conscriptoreS,
2284 578 2568 635 catholica

533 716 643 772 fide
693 715 943 770 imbutos
985 732 1051 769 ac
1111 712 1342 786 regibus
1397 730 1570 785 quam
1633 710 2020 782 fidelissimOS,
2070 714 2126 766 et
2185 711 2564 786 ephemeridis

532 854 614 907 Le
663 851 865 916 Globe,
896 844 1263 919 relligionum
1318 843 1682 918 impatientes
1731 849 1786 901 et
1825 863 2016 920 regem
2068 848 2224 919 (cum
2277 844 2567 902 videretur

534 981 689 1056 regia
744 982 995 1055 potestas
1067 977 1412 1052 necessaria)
1485 996 1638 1052 aegre
1708 997 1775 1035 ac
1830 978 1889 1034 in
1959 978 2080 1035 dies
2155 979 2364 1054 aegrius
2426 978 2568 1035 tole-

531 1118 768 1182 rantes;
829 1111 1125 1185 intelleges
1183 1129 1286 1167 cur
1353 1112 1806 1168 Sainte-Beuve
1879 1095 1947 1168 de
2019 1131 2192 1186 opere
2253 1131 2286 1167 a
2370 1115 2568 1184 Viyny

535 1246 853 1322 composito
918 1250 1035 1301 tam
1105 1263 1327 1318 aspere,
1390 1245 1564 1301 immo
1623 1245 1836 1320 injuste
1907 1245 2202 1320 scripserit
2261 1245 2336 1320 (1)
2397 1247 2569 1319 atque

530 1384 730 1457 postea
792 1379 860 1436 de
925 1378 1244 1434 romantica
1306 1378 1569 1434 doctrina
1625 1378 1832 1435 dixerit
1913 1398 1972 1436 se
2042 1399 2066 1435 ‹<
2125 1379 2262 1435 satis
2321 1379 2390 1436 ab
2456 1379 2569 1435 hoc

534 1532 739 1588 genere
797 1512 1082 1568 scribendi
1131 1511 1382 1586 primum
1433 1511 1803 1568 abhorruisse
1862 1531 1886 1567 ))
1944 1512 2047 1587 (2).

604 1648 688 1703 Ne
757 1646 984 1714 multa;
1060 1645 1278 1701 litteras
1342 1663 1474 1702 vere
1541 1644 1810 1701 classicas
1881 1645 2052 1702 etiam
2135 1645 2569 1702 undevicesimo

532 1780 724 1837 seculo
780 1798 902 1836 esse
962 1798 1028 1834 ac
1084 1797 1307 1853 semper
1361 1778 1482 1835 fore
1526 1778 1729 1853 dignas
1784 1797 1911 1853 quae
1963 1778 2342 1835 admiratione
2397 1797 2571 1853 quam

466 1932 470 1935 ·
532 1913 809 1970 acerrime
911 1912 1165 1987 legentes
1254 1915 1574 1982 moverent,
1657 1915 1712 1968 et
1796 1912 2025 1969 easdem
2107 1912 2286 1986 (quod
2365 1911 2570 1968 saltem

532 2048 733 2103 attinet
785 2047 855 2103 ad
926 2046 1189 2122 proprias
1268 2065 1467 2103 earum
1540 2046 1693 2103 vires
1771 2049 1827 2102 et
1901 2046 2164 2121 virtutes)
2231 2063 2570 2122 permanere

530 2185 821 2256 tamquam
907 2180 1253 2255 exemplaria
1326 2179 1703 2255 scriptoribus
1782 2180 2181 2255 proponenda,
2241 2168 2379 2255 quae
2455 2145 2565 2235 nisi

531 2315 910 2386 imitarentur,
991 2314 1192 2371 saltem
1266 2314 1567 2389 adaequare
1641 2318 1988 2372 conarentur
2059 2334 2069 2371 :
2143 2314 2201 2370 id
2285 2313 2573 2371 statuebat

531 2451 981 2507 Sainte-Beuve
1052 2449 1216 2524 quasi
1295 2450 1548 2524 primum
1617 2449 1907 2505 litterariae
1978 2449 2111 2505 fidei
2163 2448 2434 2523 ‘dogma
2498 2483 2573 2491 —

532 2584 778 2641 Necesse
838 2587 1029 2640 autem
1073 2602 1195 2640 esse
1249 2583 1556 2658 scriptores
1599 2602 1723 2640 sese
1771 2583 2130 2658 temporibus
2187 2583 2307 2639 suis
2343 2601 2573 2640 accom-

532 2717 767 2774 modare
833 2721 1001 2791 atque
1078 2718 1391 2774 sententias
1453 2736 1635 2774 novas
1681 2720 1781 2773 aut
1825 2720 2084 2774 veterum
2153 2716 2571 2774 sententiarum

533 2871 715 2908 novos
772 2852 991 2908 colores
1037 2851 1274 2908 reddere
1326 2854 1381 2908 et
1427 2851 1619 2908 verbis
1680 2850 2118 2923 recentioribus,
2172 2851 2330 2907 omni
2380 2855 2572 2908 tamen

533 2985 761 3041 insolita
819 2990 873 3042 et
935 2990 1144 3042 temere
1199 2985 1445 3042 formata
1479 3004 1621 3042 voce
1669 2983 1921 3054 exclusa,
1982 2988 2038 3041 et
2083 2984 2345 3041 versibus
2397 2985 2570 3060 paulo

535 3118 925 3188 liberioribuS,
998 3119 1155 3194 lege„
1189 3118 1566 3175 nihilominus
1642 3118 1889 3193 quadam
1962 3118 2218 3174 numeris
2287 3118 2567 3189 adhibita,

534 3255 588 3307 et
666 3252 891 3308 dicendi
955 3253 1137 3308 forma
1208 3253 1533 3324 audaciore,
1608 3252 1810 3327 putido
1891 3271 2153 3309 sermone
2224 3251 2474 3308 devitato
2556 3271 2566 3308 :

534 3385 696 3457 quasi
746 3386 1065 3443 secundum
1111 3386 1320 3461 dogma
1373 3387 1620 3444 tenebat.
1650 3420 1722 3428 -—
1771 3386 2026 3443 Tertium
2080 3405 2237 3457 ver0,
2291 3387 2570 3442 maximos

613 3651 667 3701 (1)
698 3650 789 3690 Vide
812 3651 989 3692 Porlraits
1017 3655 1325 3705 contemporains,
1348 3654 1402 3700 11,
1429 3654 1546 3695 536.

611 3740 669 3789 (2)
700 3740 793 3779 Vide
820 3740 975 3787 Lundis‚
997 3741 1062 3792 Xl,
1089 3741 1191 3783 532
1208 3754 1216 3782 :
1234 3755 1254 3782 α
1279 3742 1338 3794 J'y
1366 3744 1458 3783 mais
1474 3756 1574 3784 assez
1601 3744 1860 3796 antipathique
1880 3744 2090 3796 ⁸iusque-ld,
2121 3742 2144 3782 ἀ
2167 3754 2275 3783 cause
2297 3742 2347 3783 du
2371 3741 2572 3794 royalisme

535 3816 568 3850 et
597 3812 638 3851 de
667 3813 701 3851 Ia
731 3815 911 3864 mysticae
934 3827 1002 3866 que
1026 3817 1064 3866 je
1081 3828 1126 3856 ne
1145 3819 1354 3868 partayeais
1368 3829 1434 3870 pos
1462 3830 1500 3859 )).
