2762 4316
1424 238 1690 330 ,46-

540 450 767 488 summa
810 429 1171 504 jucunditate
1233 428 1386 484 alfioi
1455 428 1703 500 videtur,
1773 449 1906 487 cum
1979 431 2089 488 sibi
2160 433 2337 507 quasi
2394 433 2573 492 Galli·
2619 433 2622 435 ’
2675 437 2679 440 ”
2727 414 2729 418 ’

542 582 643 620 6115
691 564 995 619 Anacreon
1036 566 1136 617 aut
1178 564 1389 618 Marot
1453 566 1687 619 renatus
1742 563 1838 620 ille
1907 567 2197 622 Ronsard
2241 570 2514 640 appareat
2557 585 2568 624 :

622 858 758 906 Mais
805 858 855 905 le
901 858 1201 904 croirait-on
1238 857 1261 903 ?
1306 871 1366 904 66
1412 858 1503 918 qui
1561 872 1694 905 nous
1750 859 1882 920 plait
1935 866 2142 906 sut-tout
2200 866 2252 907 et
2307 874 2365 907 66
2418 860 2574 922 qu'on

536 962 831 1009 s’aviserait
875 961 924 1009 16
964 962 1128 1008 11101115
1173 961 1240 1008 (16
1284 962 1530 1009 chet-cher
1578 962 1711 1009 dans
1754 963 1989 1021 l'auteur,
2034 964 2160 1010 c'est
2212 964 2346 1011 l’ode
2403 964 2574 1025 epicu-

531 1067 726 1123 rienne‚
765 1066 1185 1127 anacreontique,
1231 1066 1285 1112 la
1339 1066 1572 1113 chanson
1631 1080 1696 1113 en
1751 1050 1847 1114 un*
1881 1075 2005 1125 mot,
2058 1068 2178 1115 telle
2236 1082 2338 1129 que
2398 1069 2574 1116 Marot

529 1172 653 1232 deja
698 1171 752 1218 la
792 1172 968 1218 savait
1011 1170 1161 1228 faire,
1207 1171 1328 1218 telle
1375 1185 1475 1232 que
1516 1171 1588 1218 du
1641 1171 1818 1232 Bellay
1869 1173 1922 1219 la
1978 1173 2158 1219 faisait
2210 1179 2324 1219 tout
2387 1186 2452 1219 en
2518 1172 2572 1219 la

529 1276 813 1336 deprisant.
862 1275 950 1332 Ici,
1006 1275 1154 1335 point
1195 1275 1262 1321 de
1307 1275 1601 1335 pretention
1641 1275 1695 1320 ni
1741 1275 2005 1334 d’enflure,
2047 1290 2147 1324 ane
2190 1276 2409 1323 me'lodie
2453 1288 2573 1322 soa-

530 1386 700 1437 tenae,
742 1380 830 1426 des
874 1379 1012 1426 ide'es
1058 1379 1414 1439 voluptaeases
1459 1384 1510 1425 et
1554 1380 1617 1425 de
1648 1379 1887 1440 sraiches
1931 1381 2171 1427 couleur-s
2219 1395 2237 1430 :
2278 1380 2333 1428 la
2379 1380 2571 1440 langue

531 1483 598 1531 de
638 1484 811 1531 Marot
857 1491 938 1531 est
982 1483 1275 1541 retrouvee‚
1323 1483 1456 1531 mais
1486 1496 1620 1531 avec
1657 1483 1777 1544 plus
1814 1483 1999 1532 d’e'clat
2038 1486 2125 1545 (1).

602 1748 703 1801 aut
772 1763 784 1800 :

613 2017 757 2063 Est-il
794 2018 980 2064 besoin
1014 2017 1080 2064 de
1125 2017 1258 2064 faire
1299 2030 1602 2077 remarquer
1652 2016 1702 2063 16
1751 2017 1832 2063 vif
1876 2024 1930 2064 et
1981 2018 2185 2065 naturel
2237 2024 2568 2065 mouvement

521 2122 586 2168 de
632 2135 689 2169 66
747 2122 909 2169 debut
957 2136 969 2167 ε
1013 2137 1043 2168 ((
1078 2122 1376 2183 Mignonne‚
1414 2122 1600 2182 [aliens
1643 2122 1809 2171 voir..
1827 2155 1839 2168 .
1889 2137 1919 2168 »
1965 2124 1992 2169 ’2
2041 2121 2104 2167 Et
2149 2135 2282 2182 pour
2320 2122 2369 2168 16
2412 2123 2564 2182 style,

520 2227 640 2286 quel
678 2228 940 2286 progrest
992 2241 1093 2287 que
1140 2226 1394 2287 d'images
1435 2227 1448 2273 1
1495 2244 1519 2270 ((
1567 2227 1644 2273 La
1689 2227 1818 2273 robe
1871 2226 1937 2272 de
1983 2239 2204 2287 pourpre
2242 2241 2287 2283 »,
2340 2243 2364 2268 κ
2403 2225 2567 2284 laiss&

524 2331 697 2377 cheoir
745 2345 831 2378 ses
874 2331 1094 2379 beantes
1136 2349 1179 2390 »,
1227 2338 1309 2379 cet
1354 2335 1452 2392 age
1499 2331 1588 2392 qui
1623 2345 1654 2377 ((
1690 2331 1956 2379 fleuronne
2005 2345 2069 2378 en
2122 2345 2184 2377 sa
2240 2335 2386 2378 verte
2441 2344 2566 2377 11011-

521 2436 711 2482 veaute
756 2453 797 2493 1»,
860 2451 889 2482 «
936 2436 1133 2483 cueillir
1191 2450 1253 2483 sa
1304 2437 1549 2496 jeunesse
1601 2451 1644 2494 »,
1691 2450 1721 2482 «
1760 2435 2087 2482 moissonner
2142 2448 2229 2482 565
2269 2434 2440 2481 desirs
2475 2449 2506 2480 »
2552 2440 2562 2480 1

519 2540 582 2586 Et
633 2553 690 2586 ce
733 2546 909 2587 retour
951 2540 998 2587 si
1043 2540 1184 2601 plein
1243 2542 1276 2586 a
1325 2541 1380 2586 la
1433 2540 1533 2586 fois
1585 2539 1651 2586 (16
1708 2539 1951 2586 tristesse
2012 2546 2064 2586 et
2108 2538 2494 2586 d’insouciance
2548 2551 2561 2584 ε

520 2663 542 2688 α
591 2645 693 2692 Las
729 2646 740 2691 1
795 2646 844 2692 16
886 2651 1076 2706 temps,
1112 2659 1216 2692 11011
1253 2661 1266 2703 ;
1310 2645 1446 2692 mais
1492 2658 1625 2691 nous
1666 2658 1801 2691 nous
1842 2658 1907 2690 en
1953 2644 2121 2691 allons
2164 2645 2176 2691 1
2224 2660 2247 2687 »
2295 2641 2565 2691 Malherbe

518 2750 649 2796 a-t-il
681 2750 796 2797 bien
834 2750 922 2797 οεέ
961 2750 1116 2812 biffer
1144 2750 1208 2797 de
1241 2750 1336 2797 tels
1373 2763 1501 2807 vers,
1535 2755 1585 2797 et
1614 2749 1922 2810 Despreaax
1959 2749 2032 2797 les
2061 2749 2256 2799 avait-il
2288 2748 2369 2796 las
2388 2747 2417 2796 P
2441 2747 2516 2809 (2)
2537 2763 2559 2790 »

599 3010 854 3085 Longius
922 3011 1092 3067 etiam
1160 3028 1501 3086 progressus
1566 3012 1653 3066 est
1721 3008 2191 3067 Sainte-Beuve.
2245 3007 2435 3067 Semel
2485 3041 2561 3078 ··.·

522 3143 893 3200 adnotatione
934 3143 1183 3219 quadam
1224 3144 1428 3215 fateor,
1479 3143 1647 3218 quasi
1694 3141 1811 3199 ima
1858 3142 2070 3218 pagina
2113 3145 2348 3218 cuperet
2386 3141 2558 3199 auda-

522 3276 643 3333 cius
708 3276 994 3351 judicium
1053 3278 1248 3348 latere,
1309 3311 1384 3319 —
1437 3280 1620 3352 poetae
1691 3295 1809 3333 non
1869 3276 2042 3333 modo
2099 3276 2398 3351 ingenium
2458 3275 2558 3332 sed

521 3413 576 3465 et
630 3410 912 3468 rationem
975 3415 1031 3468 et
1079 3411 1402 3468 doctrinam
1449 3409 1739 3468 scribendi
1799 3409 2037 3468 laudare
2085 3410 2277 3481 audet,
2353 3409 2435 3466 ita
2492 3412 2560 3467 ut

596 3706 649 3758 (2)
677 3707 771 3748 Vide
799 3707 858 3759 G,
885 3707 933 3748 ¹3
951 3713 1028 3749 oct.
1060 3727 1107 3737 —
1137 3705 1211 3747 Hie
1240 3705 1352 3747 locus
1378 3711 1554 3749 mutatus
1578 3706 1696 3748 estin
1724 3706 1777 3756 8,
1796 3706 1878 3760 94,
1900 3706 1955 3759 Gi
1984 3706 2048 3749 71
2067 3712 2108 3748 et
2131 3706 2184 3754 Ι...
2215 3706 2248 3755 1.
2274 3705 2396 3749 126.

594 3802 650 3854 (3)
673 3803 767 3844 Vide
790 3803 849 3852 G,
870 3803 919 3847 13
936 3809 1014 3845 oct.
1049 3826 1094 3835 —
1122 3803 1197 3845 Hic
1220 3802 1342 3850 locus,
1372 3803 1413 3844 in
1438 3802 1475 3845 Β
1502 3803 1673 3856 recisus,
1699 3808 1874 3846 mutatus
1896 3808 1958 3845 ost
1980 3804 2021 3845 in
2057 3802 2112 3855 G,
2136 3802 2205 3846 72
2231 3807 2271 3844 et
2294 3802 2352 3850 L,
2380 3802 2414 3852 1,
2430 3800 2550 3845 128.
