2762 4316
1381 325 1446 334 -
1477 297 1545 348 44
1578 323 1665 338 -q

573 459 672 512 aut
727 454 991 527 denique,
1048 452 1117 508 de
1169 452 1469 525 poetarum
1528 450 1672 506 sexti
1736 449 1944 506 decimi
1997 449 2175 507 seculi
2233 454 2523 507 conventu

499 592 639 658 toto,
690 590 754 642 ut
809 586 876 641 de
925 583 1037 638 illis
1080 582 1368 657 judicium
1418 581 1652 638 definiat
1704 601 1715 638 :

586 835 722 881 Sans
769 834 842 880 oie
896 832 1073 889 reelle,
1120 846 1242 880 sans
1295 833 1601 894 originalia}
1647 847 1861 894 propr-e,
1919 833 2095 880 l'ecole
2150 833 2217 881 de
2274 833 2534 893 Ronsard,

493 937 670 999 quand
715 937 810 983 elle
853 943 940 982 eut
982 936 1163 995 epuise
1209 936 1503 983 l’imitation
1545 950 1772 998 grecque
1816 944 1868 983 et
1917 937 2076 983 latine
2134 951 2191 983 se
2248 938 2360 998 jeta
2417 939 2536 997 plus

492 1040 961 1101 particulierement
1001 1054 1090 1085 sur
1129 1039 1424 1086 l’imitation
1459 1040 1704 1087 italienne
1741 1048 1792 1087 et
1824 1040 2041 1101 l’epuisa
2079 1054 2278 1087 comme
2313 1041 2533 1088 l’autre:

488 1159 626 1206 pour·
667 1143 783 1201 elle,
830 1143 1000 1189 c’etait
1044 1143 1095 1190 ἰὰ
1123 1157 1177 1190 se
1219 1144 1607 1205 perfectionner
1650 1144 1741 1205 (1).

569 1382 710 1449 Quae
767 1381 962 1437 omnia
1015 1381 1270 1455 profecto
1321 1399 1528 1456 parum
1574 1381 1738 1438 mitia
1792 1400 1916 1439 esse
1973 1381 2348 1439 videbuntur.

571 1515 703 1585 Sed,
764 1534 896 1571 eum
952 1515 1076 1570 haee
1125 1514 1242 1570 sint
1295 1514 1432 1570 satis
1489 1533 1685 1590 aspere
1727 1515 1899 1587 dieta,
1945 1521 2081 1572 sunt
2133 1520 2326 1573 tamen
2374 1516 2540 1574 dissi-

495 1648 650 1704 milia
706 1648 861 1704 haud
931 1649 1123 1704 minus
1182 1651 1508 1722 frequenter
1573 1648 1888 1707 enuntiata.
1953 1649 2317 1724 Quamquam
2383 1651 2537 1706 enim

494 1786 944 1841 Sainte-Beuve
1014 1782 1287 1857 suffragio
1368 1801 1472 1838 suo
1560 1782 1899 1857 comprobat
1974 1786 2030 1839 et
2121 1784 2243 1858 ipse
2326 1783 2537 1840 iterum

496 1916 750 1972 decernit
834 1915 1114 1990 quidquid
1191 1915 1565 1972 inclementer
1644 1915 2023 1973 decreverunt
2095 1909 2422 1974 Malherbe
2485 1920 2541 1974 et

493 2054 775 2120 Boileau,
827 2069 1167 2124 persuasum
1217 2050 1392 2106 habet
1442 2049 1575 2104 illos
1614 2051 1955 2107 sententiam
2007 2050 2218 2108 dixisse
2266 2069 2372 2108 nee
2414 2052 2539 2108 sine

503 2186 588 2241 ira
642 2204 745 2241 nee
807 2185 931 2242 sine
999 2185 1399 2242 amaritudine.
1475 2155 1838 2261 Quapropter
1916 2186 2226 2242 arbitratur
2295 2184 2538 2261 gloriam

497 2339 609 2393 qua
672 2319 824 2376 inter
887 2320 1140 2394 aequales
1204 2338 1341 2377 suos
1410 2321 1700 2377 Bon-§ard
1767 2319 2046 2390 floruerit,
2114 2318 2303 2376 causis
2364 2319 2540 2394 justis

498 2455 705 2525 allatis,
788 2459 843 2511 et
929 2454 1202 2530 explicari
1273 2458 1329 2511 et
1394 2454 1564 2510 etiam
1636 2453 1999 2529 comprobari
2067 2469 2299 2528 posse;
2381 2455 2437 2510 et
2507 2472 2542 2508 a

503 2589 816 2645 lectoribus
863 2589 1119 2663 postulat
1171 2591 1236 2644 ut
1286 2588 1568 2645 benevolo
1624 2592 1724 2645 aut
1776 2587 1969 2662 potius
2020 2606 2186 2662 aequo
2237 2587 2430 2643 animo
2481 2604 2542 2643 se

505 2722 797 2797 praebeant
882 2741 1017 2796 erga
1098 2725 1328 2797 poetam
1403 2721 1657 2794 irrisum,
1745 2741 1860 2796 quo
1936 2721 2141 2778 melius
2201 2720 2540 2796 intellegant

500 2856 700 2912 saltem
771 2856 935 2912 illum
1008 2856 1229 2912 clarum
1286 2855 1548 2911 habitum
1602 2855 1780 2912 fuisse
1826 2875 1836 2911 :

587 3108 685 3154 Les
732 3108 1066 3155 traductions·
1106 3107 1487 3155 satisfaisaient
1528 3121 1630 3168 peu
1665 3108 1742 3155 les
1786 3111 1940 3168 gouts
1979 3108 2256 3154 litteraires
2298 3107 2392 3154 des
2428 3107 2544 3154 eru-

500 3211 723 3268 dits...;
774 3212 882 3258 s’ils
929 3212 1232 3273 daignaient
1286 3226 1474 3274 song-er
1531 3212 1856 3273 quelquefois
1919 3214 1952 3258 a
2009 3212 2061 3258 la
2111 3211 2301 3272 langue
2354 3218 2542 3259 mater-

500 3315 650 3371 nelle,
694 3315 865 3362 c’etait
903 3331 1034 3376 pour
1075 3323 1328 3377 regretter
1373 3316 1555 3377 qu’elle
1600 3330 1665 3363 ne
1708 3316 1770 3362 fit
1814 3331 1913 3377 pas
1972 3316 2120 3363 d’elle
2144 3341 2162 3351 ·
2184 3319 2350 3363 meme
2405 3315 2543 3376 quel-

504 3432 603 3478 que
640 3420 890 3466 tentative
933 3421 1050 3480 plus
1090 3421 1221 3467 libre
1266 3421 1400 3467 dans
1447 3421 1523 3467 les
1570 3421 1716 3467 voies
1768 3420 2025 3481 antiques.
2083 3419 2323 3467 Ronsard
2386 3419 2543 3467 sentit

502 3535 558 3569 ce
601 3523 800 3579 besoin,
826 3530 876 3570 et
909 3538 959 3583 y
1000 3526 1236 3586 repondit
1278 3527 1790 3574 merveilleusement.
1817 3526 2150 3573 Admirateur
2194 3525 2290 3572 des
2330 3524 2541 3572 anciens

582 3811 637 3860 (¹)
665 3809 756 3851 Vide
783 3811 840 3858 G,
870 3810 894 3851 8
914 3823 1002 3854 nov.
1029 3835 1079 3843 —
1107 3813 1179 3855 Hic
1195 3813 1306 3855 locus
1325 3813 1434 3856 valde
1462 3820 1635 3856 mutatus
1657 3821 1718 3856 est
1740 3815 1782 3856 in
1809 3813 1860 3867 S,
1886 3813 2004 3863 127,
2028 3813 2081 3865 G,
2107 3811 2210 3855 102
2230 3818 2269 3854 ot
2293 3811 2350 3864 1...
2370 3811 2402 3862 l,
2421 3810 2537 3854 181.

2743 1235 2762 1326 ἐ

2750 1916 2762 1984 ξ

2751 1986 2762 2063 ἒ

2748 2062 2762 2302 1

2756 2726 2762 2757 ⁶.
2748 2496 2762 2713 Mu..>M-.
2749 2386 2762 2478 fl-A—In
2752 2358 2762 2375 a.
