2762 4316
1419 231 1589 318 -64
1620 293 1688 302 ,-

616 422 781 492 Tum,
831 439 897 477 eo
952 418 1190 476 consilio
1231 422 1296 475 ut
1341 418 1582 475 lectores
1631 418 1803 475 faciat
1844 418 1990 475 acris
2037 420 2128 476 sui
2176 419 2391 477 doloris
2445 440 2575 496 par-

544 553 769 627 ticipeS‚
822 551 1089 607 inferiore
1138 550 1347 624 pagina
1401 550 1564 606 affert
1625 554 1679 606 et
1746 551 1921 607 verba
1971 570 2004 606 a
2061 554 2389 609 Malherbe
2453 552 2578 608 ani-

546 685 845 740 madversa
898 688 952 739 et
1014 682 1416 738 adnotationes
1467 701 1609 756 quas
1659 683 1924 740 versibus
1994 687 2178 758 poetae
2240 684 2580 758 adjunxerat

548 817 864 873 malevolus
964 834 1136 871 senex
1210 834 1222 884 ;
1331 818 1501 890 atque
1600 816 1858 890 insuper,
1958 817 2253 891 superiore
2345 818 2578 892 pagina,

554 951 796 1006 «virum
852 951 1134 1004 emunctae
1182 948 1336 1003 naris
1388 967 1412 1003 »
1467 948 1777 1022 aliquando
1836 948 2067 1005 lacessit
2107 952 2161 1005 et
2224 949 2423 1005 irridet
2480 950 2579 1025 (1).

621 1082 796 1151 Infra,
874 1081 1010 1155 quid
1091 1081 1161 1137 de
1229 1081 1684 1138 romanticorum
1766 1081 2044 1138 doctrinis
2103 1081 2313 1138 sentiat
2380 1082 2582 1157 aperit,

550 1215 687 1272 dum
749 1214 972 1270 fabulas
1031 1214 1373 1271 dramaticas
1421 1215 1714 1290 praedicat,
1765 1234 1907 1290 quas
1967 1234 1997 1271 e
2066 1215 2299 1273 Gallicis
2369 1215 2588 1272 annali-

551 1350 657 1405 bus
714 1348 1150 1422 deprompserat
1201 1351 1361 1405 Vitet
1421 1348 1519 1423 (2).
1569 1349 1760 1422 Atque
1822 1349 1948 1426 ubi*
1991 1349 2300 1406 ‘satirarum
2349 1348 2592 1424 scripto-

551 1502 671 1539 rem
727 1482 1074 1554 d'Aubiynd
1151 1482 1400 1557 attingit,
1463 1501 1596 1539 cum
1642 1482 1806 1539 illum
1858 1502 2084 1540 summo
2142 1483 2342 1540 favore
2398 1501 2591 1558 prose-

553 1618 821 1690 queretur
867 1618 1069 1688 Huyo,
1122 1620 1263 1673 tunc
1317 1617 1683 1673 admirationi
1730 1617 1993 1692 indulget
2047 1620 2101 1673 et
2156 1618 2217 1672 in
2282 1616 2481 1674 laudes
2532 1633 2594 1672 se

554 1750 795 1806 effundit
841 1750 961 1806 sive
1016 1749 1235 1824 ingenii
1282 1749 1407 1824 ejus
1456 1750 1574 1807 sive
1640 1750 1963 1824 praesertim
2028 1749 2167 1806 artis
2244 1749 2315 1806 ad
2389 1768 2594 1807 versus

555 1883 986 1957 componendos
1075 1882 1339 1953 adhibiti,
1434 1886 1633 1958 utpote
1720 1883 1814 1940 cui
1907 1883 2015 1939 hac
2102 1882 2320 1939 ratione
2398 1881 2598 1938 liceret

556 2021 841 2092 praecepta
929 2017 989 2072 in
1099 2019 1407 2075 Cenaculo
1517 2016 1753 2091 vulgata
1858 2016 2281 2085 commendare,
2370 2034 2599 2072 necnon

558 2151 734 2206 verba
785 2150 902 2207 cari
964 2150 1225 2224 magistri
1280 2153 1461 2223 Huyo
1501 2150 1817 2225 proferre:

650 2416 732 2462 Au
801 2415 976 2461 milieu
1023 2415 1117 2461 des
1160 2414 1349 2461 hautes
1394 2414 1614 2461 beautes
1661 2427 1762 2474 que
1827 2420 1938 2461 tout
1990 2414 2184 2462 lecteur
2234 2429 2364 2462 aura
2413 2427 2605 2462 remar-

562 2521 722 2581 quees
771 2534 835 2567 en
882 2534 940 2567 ce
982 2534 1244 2577 morceau,
1285 2519 1411 2580 qu’iI
1447 2533 1532 2566 me
1579 2519 1678 2565 soit
1715 2519 1908 2579 permis
1956 2519 2021 2566 de
2058 2519 2285 2580 signaler
2327 2534 2398 2566 un
2441 2519 2608 2566 admi-

563 2625 707 2672 rable
749 2625 912 2672 detail
956 2625 1246 2686 technique.
1292 2624 1351 2671 Je
1393 2637 1530 2671 veux
1549 2624 1724 2684 parler
1747 2623 1812 2670 de
1848 2630 1983 2671 cette
2006 2624 2206 2671 toilette
2242 2623 2309 2671 de
2344 2624 2504 2672 Henri
2537 2623 2608 2671 111

565 2729 611 2775 si
655 2730 1132 2790 scrupuleusement
1174 2729 1370 2775 decrite
1423 2741 1489 2775 en
1532 2734 1726 2775 termes
1770 2741 2009 2788 propreS,
2050 2746 2072 2771 «
2100 2741 2159 2775 ce
2183 2741 2336 2788 corps
2379 2727 2445 2775 de
2471 2727 2611 2774 satin

565 2834 680 2879 noir
722 2834 886 2894 coupe
926 2836 959 2879 a
993 2833 1313 2893 l’espagnole
1337 2846 1390 2889 »,
1443 2850 1465 2875 «
1493 2845 1579 2879 ces
1619 2831 2019 2892 dechiquetures
2066 2832 2187 2878 d’ou
2253 2839 2452 2879 sortent
2513 2832 2611 2878 des

565 2942 862 2995 parements
888 2953 931 2992 »,
964 2954 986 2978 «
1013 2950 1100 2982 ces
1125 2936 1408 2982 manchons
1442 2935 1670 2995 gauffres
1709 2935 1776 2982 de
1813 2935 1952 2981 satin
1979 2935 2131 2981 blanc
2165 2941 2216 2982 et
2247 2949 2333 2982 ces
2363 2935 2611 2982 manches

567 3040 791 3099 perdues
832 3057 874 3087 ».
901 3041 941 3086 ll
985 3041 1069 3100 n’y
1114 3055 1147 3086 a
1194 3040 1349 3100 qu’un
1396 3038 1703 3086 alexandrin
1743 3039 1832 3099 qui
1892 3039 2075 3099 puisse
2129 3045 2182 3086 et
2235 3053 2324 3086 ose
2385 3039 2497 3086 dire
2545 3038 2611 3085 de

569 3144 716 3190 telles
765 3145 951 3191 choses
1001 3159 1013 3190 z
1058 3120 1180 3190 c'est
1220 3143 1567 3190 l’alexandrin
1605 3161 1626 3186 «
1635 3143 1804 3204 franc
1843 3147 1894 3188 et
1929 3142 2112 3201 loyal»
2155 3157 2352 3190 comme
2379 3141 2615 3204 l’appelle

581 3248 637 3294 V.
683 3248 844 3309 Hago
879 3249 975 3309 (3).

654 3575 709 3627 (1)
731 3575 826 3617 vme
850 3574 902 3626 S,
931 3573 1049 3626 1:34,
1075 3573 1410 3626 136,c,107,
1440 3573 1542 3615 109
1567 3580 1605 3615 οι
1624 3574 1681 3627 L,
1708 3573 2019 3626 1,189,191.

657 3671 712 3723 (2)
742 3671 835 3711 vide
861 3671 1048 3723 9,133,
1071 3669 1325 3719 c‚1oo,0t
1353 3670 1411 3719 1...
1438 3669 1612 3721 1‚18'7.

659 3766 712 3818 (3)
740 3767 834 3808 vido
853 3767 905 3820 s,
935 3767 1052 3816 182,
1079 3767 1132 3817 G,
1161 3765 1265 3808 144
1291 3768 1331 3807 et
1356 3765 1412 3818 1.,
1440 3765 1474 3816 1,
1499 3764 1616 3808 249.
