<?xml version="1.0" encoding="UTF-8"?>
<!DOCTYPE html PUBLIC "-//W3C//DTD XHTML 1.0 Transitional//EN"
    "http://www.w3.org/TR/xhtml1/DTD/xhtml1-transitional.dtd">
<html xmlns="http://www.w3.org/1999/xhtml" xml:lang="en" lang="en">
 <head>
  <title>
</title>
<meta http-equiv="Content-Type" content="text/html;charset=utf-8" />
  <meta name='ocr-system' content='tesseract 3.04.00' />
  <meta name='ocr-capabilities' content='ocr_page ocr_carea ocr_par ocr_line ocrx_word'/>
</head>
<body>
  <div class='ocr_page' id='page_1' title='image "./quibusrationibus00michuoft_0071.png"; bbox 0 0 2762 4316; ppageno 0'>
   <div class='ocr_carea' id='block_1_1' title="bbox 0 4220 102 4308">
    <p class='ocr_par' dir='ltr' id='par_1_1' title="bbox 0 4220 102 4308">
     <span class='ocr_line' id='line_1_1' title="bbox 0 4220 102 4308; baseline 0 8"><span class='ocrx_word' id='word_1_1' title='bbox 0 4220 102 4308; x_wconf 95' lang='lat' dir='ltr'><em> </em></span> 
     </span>
    </p>
   </div>
   <div class='ocr_carea' id='block_1_2' title="bbox 1138 279 1405 332">
    <p class='ocr_par' dir='ltr' id='par_1_2' title="bbox 1138 279 1405 332">
     <span class='ocr_line' id='line_1_2' title="bbox 1138 279 1405 332; baseline 0.004 -16"><span class='ocrx_word' id='word_1_2' title='bbox 1138 279 1405 332; x_wconf 78' lang='lat'>...63-</span> 
     </span>
    </p>
   </div>
   <div class='ocr_carea' id='block_1_3' title="bbox 1307 431 2279 806">
    <p class='ocr_par' dir='ltr' id='par_1_3' title="bbox 1307 431 2279 806">
     <span class='ocr_line' id='line_1_3' title="bbox 1309 431 2278 485; baseline 0.009 -9"><span class='ocrx_word' id='word_1_3' title='bbox 1309 431 1633 479; x_wconf 78' lang='lat' dir='ltr'><em>decidement</em></span> <span class='ocrx_word' id='word_1_4' title='bbox 1673 434 1721 481; x_wconf 89' lang='lat' dir='ltr'><em>le</em></span> <span class='ocrx_word' id='word_1_5' title='bbox 1763 435 1951 482; x_wconf 88' lang='lat' dir='ltr'><em>dessus</em></span> <span class='ocrx_word' id='word_1_6' title='bbox 2002 450 2093 484; x_wconf 86' lang='lat' dir='ltr'><em>sur</em></span> <span class='ocrx_word' id='word_1_7' title='bbox 2132 437 2278 485; x_wconf 90' lang='lat' dir='ltr'><em>l&#39;imi-</em></span> 
     </span>
     <span class='ocr_line' id='line_1_4' title="bbox 1310 535 2278 597; baseline 0.01 -19"><span class='ocrx_word' id='word_1_8' title='bbox 1310 535 1471 581; x_wconf 86' lang='lat' dir='ltr'><em>tation</em></span> <span class='ocrx_word' id='word_1_9' title='bbox 1493 550 1714 597; x_wconf 86' lang='lat' dir='ltr'><em>grecque</em></span> <span class='ocrx_word' id='word_1_10' title='bbox 1730 544 1782 584; x_wconf 88' lang='lat' dir='ltr'><em>et</em></span> <span class='ocrx_word' id='word_1_11' title='bbox 1814 538 1988 586; x_wconf 81' lang='lat' dir='ltr'><em>latine.</em></span> <span class='ocrx_word' id='word_1_12' title='bbox 2010 540 2155 587; x_wconf 83' lang='lat' dir='ltr'><em>Poar·</em></span> <span class='ocrx_word' id='word_1_13' title='bbox 2178 555 2278 588; x_wconf 81' lang='lat' dir='ltr'><em>ane</em></span> 
     </span>
     <span class='ocr_line' id='line_1_5' title="bbox 1310 635 2279 703; baseline 0.011 -23"><span class='ocrx_word' id='word_1_14' title='bbox 1310 635 1450 682; x_wconf 77' lang='lat' dir='ltr'><em>ecole</em></span> <span class='ocrx_word' id='word_1_15' title='bbox 1468 652 1571 697; x_wconf 80' lang='lat' dir='ltr'><em>peu</em></span> <span class='ocrx_word' id='word_1_16' title='bbox 1585 641 1862 700; x_wconf 79' lang='lat' dir='ltr'><em>originale,</em></span> <span class='ocrx_word' id='word_1_17' title='bbox 1873 641 2106 703; x_wconf 80' lang='lat' dir='ltr'><em>changer·</em></span> <span class='ocrx_word' id='word_1_18' title='bbox 2118 644 2279 690; x_wconf 82' lang='lat' dir='ltr'><em>d’imi-</em></span> 
     </span>
     <span class='ocr_line' id='line_1_6' title="bbox 1307 739 2275 806; baseline 0.01 -23"><span class='ocrx_word' id='word_1_19' title='bbox 1307 739 1486 796; x_wconf 79' lang='lat' dir='ltr'><em>tation,</em></span> <span class='ocrx_word' id='word_1_20' title='bbox 1524 742 1661 800; x_wconf 81' lang='lat' dir='ltr'><em>c’est,</em></span> <span class='ocrx_word' id='word_1_21' title='bbox 1697 757 1761 791; x_wconf 87' lang='lat' dir='ltr'><em>en</em></span> <span class='ocrx_word' id='word_1_22' title='bbox 1795 744 2016 806; x_wconf 80' lang='lat' dir='ltr'><em>quelque</em></span> <span class='ocrx_word' id='word_1_23' title='bbox 2049 751 2186 793; x_wconf 79' lang='lat' dir='ltr'><em>sor-te</em></span> <span class='ocrx_word' id='word_1_24' title='bbox 2218 760 2275 794; x_wconf 79' lang='lat' dir='ltr'><em>se</em></span> 
     </span>
    </p>
   </div>
   <div class='ocr_carea' id='block_1_4' title="bbox 1302 841 1700 902">
    <p class='ocr_par' dir='ltr' id='par_1_4' title="bbox 1302 841 1700 902">
     <span class='ocr_line' id='line_1_7' title="bbox 1302 841 1700 902; baseline 0.015 -17"><span class='ocrx_word' id='word_1_25' title='bbox 1302 841 1700 902; x_wconf 75' lang='lat' dir='ltr'><em>perfectionner.</em></span> 
     </span>
    </p>
   </div>
   <div class='ocr_carea' id='block_1_5' title="bbox 0 0 323 1175">
    <p class='ocr_par' dir='ltr' id='par_1_5' title="bbox 0 0 323 1175">
     <span class='ocr_line' id='line_1_8' title="bbox 0 0 323 1175; baseline 0 0"><span class='ocrx_word' id='word_1_26' title='bbox 0 0 323 1175; x_wconf 95' lang='lat' dir='ltr'><em> </em></span> 
     </span>
    </p>
   </div>
   <div class='ocr_carea' id='block_1_6' title="bbox 224 1057 2285 2725">
    <p class='ocr_par' dir='ltr' id='par_1_6' title="bbox 240 1057 2271 1665">
     <span class='ocr_line' id='line_1_9' title="bbox 326 1057 2271 1141; baseline 0.009 -26"><span class='ocrx_word' id='word_1_27' title='bbox 326 1057 595 1129; x_wconf 84' lang='lat' dir='ltr'><em>Sensum,</em></span> <span class='ocrx_word' id='word_1_28' title='bbox 685 1078 798 1133; x_wconf 91' lang='lat' dir='ltr'><em>quo</em></span> <span class='ocrx_word' id='word_1_29' title='bbox 879 1062 1195 1120; x_wconf 83' lang='lat' dir='ltr'><strong>absolvitur</strong></span> <span class='ocrx_word' id='word_1_30' title='bbox 1258 1071 1496 1141; x_wconf 89' lang='lat' dir='ltr'><em>uterque</em></span> <span class='ocrx_word' id='word_1_31' title='bbox 1571 1069 1752 1141; x_wconf 74' lang='grc' dir='ltr'><strong>Ιοουε,</strong></span> <span class='ocrx_word' id='word_1_32' title='bbox 1828 1074 1944 1130; x_wconf 88' lang='lat' dir='ltr'><em>fere</em></span> <span class='ocrx_word' id='word_1_33' title='bbox 2027 1075 2271 1133; x_wconf 84' lang='lat' dir='ltr'><strong>similem</strong></span> 
     </span>
     <span class='ocr_line' id='line_1_10' title="bbox 244 1189 2263 1270; baseline 0.009 -26"><span class='ocrx_word' id='word_1_34' title='bbox 244 1189 488 1247; x_wconf 83' lang='lat' dir='ltr'><strong>forsitan</strong></span> <span class='ocrx_word' id='word_1_35' title='bbox 557 1194 723 1266; x_wconf 89' lang='lat' dir='ltr'><em>putes</em></span> <span class='ocrx_word' id='word_1_36' title='bbox 783 1211 795 1261; x_wconf 93' lang='lat'>;</span> <span class='ocrx_word' id='word_1_37' title='bbox 873 1198 931 1249; x_wconf 89' lang='lat' dir='ltr'><em>at</em></span> <span class='ocrx_word' id='word_1_38' title='bbox 982 1213 1063 1264; x_wconf 88' lang='lat' dir='ltr'><em>re,</em></span> <span class='ocrx_word' id='word_1_39' title='bbox 1144 1215 1315 1270; x_wconf 89' lang='lat' dir='ltr'><em>quam</em></span> <span class='ocrx_word' id='word_1_40' title='bbox 1390 1199 1720 1260; x_wconf 91' lang='lat' dir='ltr'><em>dissimilis!</em></span> <span class='ocrx_word' id='word_1_41' title='bbox 1784 1204 1927 1261; x_wconf 89' lang='lat' dir='ltr'><em>Cum</em></span> <span class='ocrx_word' id='word_1_42' title='bbox 1981 1207 2134 1262; x_wconf 88' lang='lat' dir='ltr'><em>enim</em></span> <span class='ocrx_word' id='word_1_43' title='bbox 2202 1208 2263 1263; x_wconf 92' lang='lat' dir='ltr'><em>in</em></span> 
     </span>
     <span class='ocr_line' id='line_1_11' title="bbox 243 1322 2264 1412; baseline 0.009 -35"><span class='ocrx_word' id='word_1_44' title='bbox 243 1322 607 1398; x_wconf 80' lang='lat' dir='ltr'><em>ephemeride</em></span> <span class='ocrx_word' id='word_1_45' title='bbox 682 1325 878 1382; x_wconf 86' lang='lat' dir='ltr'><em>omnia</em></span> <span class='ocrx_word' id='word_1_46' title='bbox 946 1328 1120 1384; x_wconf 88' lang='lat' dir='ltr'><em>verba</em></span> <span class='ocrx_word' id='word_1_47' title='bbox 1189 1329 1451 1388; x_wconf 82' lang='lat' dir='ltr'>irrisione</span> <span class='ocrx_word' id='word_1_48' title='bbox 1540 1338 1595 1390; x_wconf 90' lang='lat' dir='ltr'><em>et</em></span> <span class='ocrx_word' id='word_1_49' title='bbox 1692 1340 2022 1411; x_wconf 84' lang='lat' dir='ltr'><em>contemptu</em></span> <span class='ocrx_word' id='word_1_50' title='bbox 2099 1341 2264 1412; x_wconf 83' lang='lat' dir='ltr'>quasi</span> 
     </span>
     <span class='ocr_line' id='line_1_12' title="bbox 242 1455 2261 1539; baseline 0.008 -28"><span class='ocrx_word' id='word_1_51' title='bbox 242 1455 462 1513; x_wconf 86' lang='lat' dir='ltr'><em>imbuta</em></span> <span class='ocrx_word' id='word_1_52' title='bbox 534 1456 885 1529; x_wconf 87' lang='lat' dir='ltr'><em>viderentur,</em></span> <span class='ocrx_word' id='word_1_53' title='bbox 970 1479 1145 1530; x_wconf 87' lang='lat' dir='ltr'><em>nune,</em></span> <span class='ocrx_word' id='word_1_54' title='bbox 1213 1462 1273 1517; x_wconf 93' lang='lat' dir='ltr'><em>in</em></span> <span class='ocrx_word' id='word_1_55' title='bbox 1344 1464 1512 1539; x_wconf 85' lang='lat' dir='ltr'><em>libro,</em></span> <span class='ocrx_word' id='word_1_56' title='bbox 1599 1460 1790 1523; x_wconf 92' lang='lat' dir='ltr'><em>omnia</em></span> <span class='ocrx_word' id='word_1_57' title='bbox 1887 1488 2003 1525; x_wconf 93' lang='lat' dir='ltr'><em>non</em></span> <span class='ocrx_word' id='word_1_58' title='bbox 2089 1471 2261 1527; x_wconf 93' lang='lat' dir='ltr'><em>modo</em></span> 
     </span>
     <span class='ocr_line' id='line_1_13' title="bbox 240 1584 1490 1665; baseline 0.006 -25"><span class='ocrx_word' id='word_1_59' title='bbox 240 1584 483 1641; x_wconf 84' lang='lat' dir='ltr'><em>remissa</em></span> <span class='ocrx_word' id='word_1_60' title='bbox 529 1585 628 1642; x_wconf 90' lang='lat' dir='ltr'><em>sed</em></span> <span class='ocrx_word' id='word_1_61' title='bbox 679 1587 851 1642; x_wconf 86' lang='lat' dir='ltr'><em>etiam</em></span> <span class='ocrx_word' id='word_1_62' title='bbox 899 1589 1151 1644; x_wconf 83' lang='lat' dir='ltr'><em>secunda</em></span> <span class='ocrx_word' id='word_1_63' title='bbox 1198 1597 1490 1665; x_wconf 81' lang='lat' dir='ltr'><em>apparent.</em></span> 
     </span>
    </p>

    <p class='ocr_par' dir='ltr' id='par_1_7' title="bbox 224 1717 2285 2725">
     <span class='ocr_line' id='line_1_14' title="bbox 310 1717 2255 1796; baseline 0.008 -23"><span class='ocrx_word' id='word_1_64' title='bbox 310 1717 491 1775; x_wconf 86' lang='lat' dir='ltr'><em>Tanto</em></span> <span class='ocrx_word' id='word_1_65' title='bbox 586 1719 778 1776; x_wconf 90' lang='lat' dir='ltr'><em>studio</em></span> <span class='ocrx_word' id='word_1_66' title='bbox 878 1724 964 1776; x_wconf 92' lang='lat' dir='ltr'><em>est</em></span> <span class='ocrx_word' id='word_1_67' title='bbox 1030 1740 1350 1796; x_wconf 85' lang='lat' dir='ltr'><em>propensus</em></span> <span class='ocrx_word' id='word_1_68' title='bbox 1432 1734 1862 1787; x_wconf 67' lang='lat' dir='ltr'><em>Salute-Beuve</em></span> <span class='ocrx_word' id='word_1_69' title='bbox 1932 1729 1992 1784; x_wconf 90' lang='lat' dir='ltr'><em>in</em></span> <span class='ocrx_word' id='word_1_70' title='bbox 2045 1733 2255 1788; x_wconf 84' lang='lat' dir='ltr'><em>Pleia-</em></span> 
     </span>
     <span class='ocr_line' id='line_1_15' title="bbox 238 1852 2256 1936; baseline 0.005 -28"><span class='ocrx_word' id='word_1_71' title='bbox 238 1852 389 1908; x_wconf 81' lang='lat' dir='ltr'><em>dum</em></span> <span class='ocrx_word' id='word_1_72' title='bbox 470 1855 689 1926; x_wconf 80' lang='lat' dir='ltr'><em>poetaS,</em></span> <span class='ocrx_word' id='word_1_73' title='bbox 768 1856 833 1908; x_wconf 93' lang='lat' dir='ltr'><em>ut</em></span> <span class='ocrx_word' id='word_1_74' title='bbox 908 1852 1139 1910; x_wconf 89' lang='lat' dir='ltr'><em>illorum</em></span> <span class='ocrx_word' id='word_1_75' title='bbox 1223 1855 1485 1912; x_wconf 88' lang='lat' dir='ltr'><em>inimicos</em></span> <span class='ocrx_word' id='word_1_76' title='bbox 1559 1861 1850 1932; x_wconf 81' lang='lat' dir='ltr'><strong>tamquam</strong></span> <span class='ocrx_word' id='word_1_77' title='bbox 1908 1861 1998 1917; x_wconf 89' lang='lat' dir='ltr'><em>sui</em></span> <span class='ocrx_word' id='word_1_78' title='bbox 2074 1862 2256 1936; x_wconf 92' lang='lat' dir='ltr'><em>ipsius</em></span> 
     </span>
     <span class='ocr_line' id='line_1_16' title="bbox 234 1983 2255 2052; baseline 0.006 -12"><span class='ocrx_word' id='word_1_79' title='bbox 234 1983 500 2041; x_wconf 81' lang='lat' dir='ltr'><em>inimicos</em></span> <span class='ocrx_word' id='word_1_80' title='bbox 588 1989 898 2043; x_wconf 87' lang='lat' dir='ltr'><em>aversetur.</em></span> <span class='ocrx_word' id='word_1_81' title='bbox 959 1987 1181 2043; x_wconf 89' lang='lat' dir='ltr'><em>Etenim</em></span> <span class='ocrx_word' id='word_1_82' title='bbox 1246 2007 1377 2045; x_wconf 84' lang='lat' dir='ltr'><em>eum</em></span> <span class='ocrx_word' id='word_1_83' title='bbox 1439 1989 1498 2044; x_wconf 91' lang='lat' dir='ltr'><em>in</em></span> <span class='ocrx_word' id='word_1_84' title='bbox 1548 1992 1999 2049; x_wconf 83' lang='lat' dir='ltr'><em>romanticorum</em></span> <span class='ocrx_word' id='word_1_85' title='bbox 2065 1996 2255 2052; x_wconf 74' lang='lat' dir='ltr'><em>Cena-</em></span> 
     </span>
     <span class='ocr_line' id='line_1_17' title="bbox 232 2118 2285 2191; baseline 0.002 -15"><span class='ocrx_word' id='word_1_86' title='bbox 232 2120 446 2177; x_wconf 81' lang='lat' dir='ltr'><em>culwm</em></span> <span class='ocrx_word' id='word_1_87' title='bbox 531 2118 720 2175; x_wconf 72' lang='lat' dir='ltr'><em>aditus</em></span> <span class='ocrx_word' id='word_1_88' title='bbox 802 2119 854 2175; x_wconf 92' lang='lat' dir='ltr'><em>ei</em></span> <span class='ocrx_word' id='word_1_89' title='bbox 932 2119 1099 2176; x_wconf 89' lang='lat' dir='ltr'><em>datus</em></span> <span class='ocrx_word' id='word_1_90' title='bbox 1183 2125 1353 2191; x_wconf 91' lang='lat' dir='ltr'><em>esset,</em></span> <span class='ocrx_word' id='word_1_91' title='bbox 1432 2123 1703 2179; x_wconf 89' lang='lat' dir='ltr'><em>volumen</em></span> <span class='ocrx_word' id='word_1_92' title='bbox 1773 2125 2091 2182; x_wconf 86' lang='lat' dir='ltr'><em>exhibitum</em></span> <span class='ocrx_word' id='word_1_93' title='bbox 2170 2131 2285 2183; x_wconf 83' lang='lat' dir='ltr'><em>est.</em></span> 
     </span>
     <span class='ocr_line' id='line_1_18' title="bbox 230 2250 2251 2329; baseline 0.004 -22"><span class='ocrx_word' id='word_1_94' title='bbox 230 2250 282 2307; x_wconf 90' lang='lat' dir='ltr'><em>ei</em></span> <span class='ocrx_word' id='word_1_95' title='bbox 323 2253 653 2326; x_wconf 86' lang='lat' dir='ltr'><em>poematum</em></span> <span class='ocrx_word' id='word_1_96' title='bbox 701 2270 733 2306; x_wconf 87' lang='lat' dir='ltr'><em>a</em></span> <span class='ocrx_word' id='word_1_97' title='bbox 781 2254 1104 2322; x_wconf 74' lang='lat' dir='ltr'><em>Desportes</em></span> <span class='ocrx_word' id='word_1_98' title='bbox 1158 2255 1635 2328; x_wconf 82' lang='lat' dir='ltr'><em>conscriptorum,</em></span> <span class='ocrx_word' id='word_1_99' title='bbox 1666 2256 1873 2329; x_wconf 89' lang='lat' dir='ltr'><em>quibus</em></span> <span class='ocrx_word' id='word_1_100' title='bbox 1927 2261 2251 2316; x_wconf 78' lang='lat' dir='ltr'><em>Malherbe</em></span> 
     </span>
     <span class='ocr_line' id='line_1_19' title="bbox 227 2367 2250 2459; baseline 0.004 -20"><span class='ocrx_word' id='word_1_101' title='bbox 227 2382 462 2459; x_wconf 83' lang='lat' dir='ltr'><em>propria</em></span> <span class='ocrx_word' id='word_1_102' title='bbox 508 2402 685 2440; x_wconf 90' lang='lat' dir='ltr'><em>manu</em></span> <span class='ocrx_word' id='word_1_103' title='bbox 733 2383 942 2440; x_wconf 88' lang='lat' dir='ltr'><em>multas</em></span> <span class='ocrx_word' id='word_1_104' title='bbox 982 2383 1376 2441; x_wconf 81' lang='lat' dir='ltr'><em>adnotationes</em></span> <span class='ocrx_word' id='word_1_105' title='bbox 1425 2386 1719 2443; x_wconf 80' lang='lat' dir='ltr'><em>addiderat</em></span> <span class='ocrx_word' id='word_1_106' title='bbox 1762 2406 1773 2443; x_wconf 89' lang='grc'>;</span> <span class='ocrx_word' id='word_1_107' title='bbox 1820 2387 2029 2445; x_wconf 87' lang='lat' dir='ltr'><em>librum</em></span> <span class='ocrx_word' id='word_1_108' title='bbox 2064 2367 2250 2448; x_wconf 83' lang='lat' dir='ltr'><em>amico</em></span> 
     </span>
     <span class='ocr_line' id='line_1_20' title="bbox 226 2515 2252 2590; baseline 0.002 -16"><span class='ocrx_word' id='word_1_109' title='bbox 226 2533 334 2574; x_wconf 91' lang='lat' dir='ltr'><em>suo</em></span> <span class='ocrx_word' id='word_1_110' title='bbox 391 2515 679 2572; x_wconf 83' lang='lat' dir='ltr'><em>commisit</em></span> <span class='ocrx_word' id='word_1_111' title='bbox 747 2536 770 2571; x_wconf 80' lang='grc'><strong>«</strong></span> <span class='ocrx_word' id='word_1_112' title='bbox 823 2517 1008 2573; x_wconf 90' lang='lat' dir='ltr'><em>bonus</em></span> <span class='ocrx_word' id='word_1_113' title='bbox 1052 2536 1076 2571; x_wconf 84' lang='lat'><strong>»</strong></span> <span class='ocrx_word' id='word_1_114' title='bbox 1130 2520 1391 2575; x_wconf 80' lang='lat' dir='ltr'><em>Nodier.</em></span> <span class='ocrx_word' id='word_1_115' title='bbox 1469 2519 1600 2590; x_wconf 89' lang='lat' dir='ltr'><em>Sed,</em></span> <span class='ocrx_word' id='word_1_116' title='bbox 1668 2519 1826 2575; x_wconf 83' lang='lat' dir='ltr'><em>lectis</em></span> <span class='ocrx_word' id='word_1_117' title='bbox 1895 2521 2252 2578; x_wconf 87' lang='lat' dir='ltr'><em>animadver-</em></span> 
     </span>
     <span class='ocr_line' id='line_1_21' title="bbox 224 2647 2248 2725; baseline 0.003 -21"><span class='ocrx_word' id='word_1_118' title='bbox 224 2647 486 2706; x_wconf 78' lang='lat' dir='ltr'><em>sionibus</em></span> <span class='ocrx_word' id='word_1_119' title='bbox 570 2647 716 2719; x_wconf 81' lang='lat' dir='ltr'><em>istis,</em></span> <span class='ocrx_word' id='word_1_120' title='bbox 803 2649 1172 2705; x_wconf 88' lang='lat' dir='ltr'><em>subtristibus</em></span> <span class='ocrx_word' id='word_1_121' title='bbox 1239 2649 1468 2723; x_wconf 91' lang='lat' dir='ltr'><em>quidem</em></span> <span class='ocrx_word' id='word_1_122' title='bbox 1552 2654 1607 2706; x_wconf 86' lang='lat' dir='ltr'><em>et</em></span> <span class='ocrx_word' id='word_1_123' title='bbox 1672 2651 1920 2725; x_wconf 84' lang='lat' dir='ltr'><em>injustiS‚</em></span> <span class='ocrx_word' id='word_1_124' title='bbox 2000 2654 2248 2710; x_wconf 75' lang='lat' dir='ltr'><em>Sainte-</em></span> 
     </span>
    </p>
   </div>
   <div class='ocr_carea' id='block_1_7' title="bbox 220 2780 1759 2856">
    <p class='ocr_par' dir='ltr' id='par_1_8' title="bbox 220 2780 1759 2856">
     <span class='ocr_line' id='line_1_22' title="bbox 220 2780 1759 2856; baseline -0.002 -14"><span class='ocrx_word' id='word_1_125' title='bbox 220 2790 421 2842; x_wconf 83' lang='lat' dir='ltr'><em>Beuve</em></span> <span class='ocrx_word' id='word_1_126' title='bbox 475 2780 615 2838; x_wconf 80' lang='lat' dir='ltr'><em>arsit</em></span> <span class='ocrx_word' id='word_1_127' title='bbox 658 2799 795 2838; x_wconf 85' lang='lat' dir='ltr'><em>vera</em></span> <span class='ocrx_word' id='word_1_128' title='bbox 842 2780 1158 2838; x_wconf 81' lang='lat' dir='ltr'><em>iracundia.</em></span> <span class='ocrx_word' id='word_1_129' title='bbox 1215 2782 1412 2856; x_wconf 84' lang='lat' dir='ltr'><em>Itaque</em></span> <span class='ocrx_word' id='word_1_130' title='bbox 1470 2783 1695 2856; x_wconf 81' lang='lat' dir='ltr'><em>scripsit</em></span> <span class='ocrx_word' id='word_1_131' title='bbox 1749 2802 1759 2839; x_wconf 93' lang='lat'>:</span> 
     </span>
    </p>
   </div>
   <div class='ocr_carea' id='block_1_8' title="bbox 212 2987 2248 3359">
    <p class='ocr_par' dir='ltr' id='par_1_9' title="bbox 212 2987 2248 3359">
     <span class='ocr_line' id='line_1_23' title="bbox 306 2987 2248 3050; baseline 0.001 -15"><span class='ocrx_word' id='word_1_132' title='bbox 306 2988 448 3035; x_wconf 88' lang='lat' dir='ltr'><em>Nous</em></span> <span class='ocrx_word' id='word_1_133' title='bbox 508 2987 721 3035; x_wconf 82' lang='lat' dir='ltr'><em>aurions</em></span> <span class='ocrx_word' id='word_1_134' title='bbox 774 2987 926 3047; x_wconf 88' lang='lat' dir='ltr'><em>peine</em></span> <span class='ocrx_word' id='word_1_135' title='bbox 973 2989 1005 3033; x_wconf 78' lang='grc' dir='ltr'><em>ἐι</em></span> <span class='ocrx_word' id='word_1_136' title='bbox 1066 2987 1249 3034; x_wconf 85' lang='lat' dir='ltr'><em>rendre</em></span> <span class='ocrx_word' id='word_1_137' title='bbox 1300 2988 1350 3034; x_wconf 89' lang='lat' dir='ltr'><em>la</em></span> <span class='ocrx_word' id='word_1_138' title='bbox 1390 2987 1644 3048; x_wconf 79' lang='lat' dir='ltr'><em>fdchease</em></span> <span class='ocrx_word' id='word_1_139' title='bbox 1699 2990 2011 3049; x_wconf 79' lang='lat' dir='ltr'><em>impression</em></span> <span class='ocrx_word' id='word_1_140' title='bbox 2069 2991 2248 3050; x_wconf 89' lang='lat' dir='ltr'><em>qu&#39;ont</em></span> 
     </span>
     <span class='ocr_line' id='line_1_24' title="bbox 217 3090 2247 3152; baseline 0 -14"><span class='ocrx_word' id='word_1_141' title='bbox 217 3090 456 3152; x_wconf 85' lang='lat' dir='ltr'><em>produite</em></span> <span class='ocrx_word' id='word_1_142' title='bbox 513 3105 602 3138; x_wconf 87' lang='lat' dir='ltr'><em>sur</em></span> <span class='ocrx_word' id='word_1_143' title='bbox 667 3097 811 3137; x_wconf 82' lang='lat' dir='ltr'><em>notre</em></span> <span class='ocrx_word' id='word_1_144' title='bbox 880 3090 1043 3150; x_wconf 85' lang='lat' dir='ltr'><em>esprit</em></span> <span class='ocrx_word' id='word_1_145' title='bbox 1102 3090 1151 3136; x_wconf 93' lang='lat' dir='ltr'><em>le</em></span> <span class='ocrx_word' id='word_1_146' title='bbox 1220 3090 1510 3150; x_wconf 84' lang='lat' dir='ltr'><em>rigorisme,</em></span> <span class='ocrx_word' id='word_1_147' title='bbox 1558 3092 1609 3137; x_wconf 84' lang='lat' dir='ltr'><em>la</em></span> <span class='ocrx_word' id='word_1_148' title='bbox 1671 3092 2026 3138; x_wconf 84' lang='lat' dir='ltr'><em>malveillance</em></span> <span class='ocrx_word' id='word_1_149' title='bbox 2085 3099 2137 3139; x_wconf 87' lang='lat' dir='ltr'><em>et</em></span> <span class='ocrx_word' id='word_1_150' title='bbox 2194 3093 2247 3139; x_wconf 80' lang='lat' dir='ltr'><em>la</em></span> 
     </span>
     <span class='ocr_line' id='line_1_25' title="bbox 216 3192 2246 3255; baseline 0 -14"><span class='ocrx_word' id='word_1_151' title='bbox 216 3194 475 3242; x_wconf 74' lang='lat' dir='ltr'><em>mauvaise</em></span> <span class='ocrx_word' id='word_1_152' title='bbox 505 3194 595 3255; x_wconf 84' lang='lat' dir='ltr'><em>foi</em></span> <span class='ocrx_word' id='word_1_153' title='bbox 632 3193 697 3240; x_wconf 90' lang='lat' dir='ltr'><em>de</em></span> <span class='ocrx_word' id='word_1_154' title='bbox 733 3206 819 3240; x_wconf 84' lang='lat' dir='ltr'><em>ces</em></span> <span class='ocrx_word' id='word_1_155' title='bbox 857 3199 1006 3239; x_wconf 90' lang='lat' dir='ltr'><em>notes</em></span> <span class='ocrx_word' id='word_1_156' title='bbox 1049 3192 1311 3252; x_wconf 78' lang='lat' dir='ltr'><em>critiqueS.</em></span> <span class='ocrx_word' id='word_1_157' title='bbox 1353 3194 1621 3239; x_wconf 82' lang='lat' dir='ltr'><em>Malherbe</em></span> <span class='ocrx_word' id='word_1_158' title='bbox 1661 3193 1841 3239; x_wconf 75' lang='lat' dir='ltr'><em>n&#39;etait</em></span> <span class='ocrx_word' id='word_1_159' title='bbox 1879 3195 2246 3241; x_wconf 85' lang='lat' dir='ltr'><em>certainement</em></span> 
     </span>
     <span class='ocr_line' id='line_1_26' title="bbox 212 3294 2243 3359; baseline -0 -15"><span class='ocrx_word' id='word_1_160' title='bbox 212 3310 312 3359; x_wconf 81' lang='lat' dir='ltr'><em>pas</em></span> <span class='ocrx_word' id='word_1_161' title='bbox 358 3297 424 3344; x_wconf 86' lang='lat' dir='ltr'><em>de</em></span> <span class='ocrx_word' id='word_1_162' title='bbox 465 3295 747 3357; x_wconf 79' lang='lat' dir='ltr'><em>sang-froid</em></span> <span class='ocrx_word' id='word_1_163' title='bbox 799 3309 863 3342; x_wconf 90' lang='lat' dir='ltr'><em>en</em></span> <span class='ocrx_word' id='word_1_164' title='bbox 907 3294 984 3341; x_wconf 89' lang='lat' dir='ltr'><em>les</em></span> <span class='ocrx_word' id='word_1_165' title='bbox 1039 3295 1284 3342; x_wconf 82' lang='lat' dir='ltr'><em>ecrivant.</em></span> <span class='ocrx_word' id='word_1_166' title='bbox 1346 3295 1554 3341; x_wconf 87' lang='lat' dir='ltr'><em>Hormis</em></span> <span class='ocrx_word' id='word_1_167' title='bbox 1614 3295 1663 3342; x_wconf 94' lang='lat' dir='ltr'><em>le</em></span> <span class='ocrx_word' id='word_1_168' title='bbox 1715 3297 1834 3355; x_wconf 85' lang='lat' dir='ltr'><em>jour</em></span> <span class='ocrx_word' id='word_1_169' title='bbox 1889 3299 1958 3342; x_wconf 74' lang='lat' dir='ltr'><em>on</em></span> <span class='ocrx_word' id='word_1_170' title='bbox 2016 3296 2054 3341; x_wconf 92' lang='lat' dir='ltr'><em>il</em></span> <span class='ocrx_word' id='word_1_171' title='bbox 2111 3310 2243 3356; x_wconf 80' lang='lat' dir='ltr'><em>raya</em></span> 
     </span>
    </p>
   </div>
   <div class='ocr_carea' id='block_1_9' title="bbox 213 3397 2242 3460">
    <p class='ocr_par' dir='ltr' id='par_1_10' title="bbox 213 3397 2242 3460">
     <span class='ocr_line' id='line_1_27' title="bbox 213 3397 2242 3460; baseline -0.002 -12"><span class='ocrx_word' id='word_1_172' title='bbox 213 3400 472 3457; x_wconf 82' lang='lat' dir='ltr'><em>Ronsard,</em></span> <span class='ocrx_word' id='word_1_173' title='bbox 513 3398 705 3460; x_wconf 81' lang='lat' dir='ltr'><em>jamais</em></span> <span class='ocrx_word' id='word_1_174' title='bbox 749 3398 799 3444; x_wconf 84' lang='lat' dir='ltr'><em>le</em></span> <span class='ocrx_word' id='word_1_175' title='bbox 840 3397 1028 3444; x_wconf 75' lang='lat' dir='ltr'><em>demon</em></span> <span class='ocrx_word' id='word_1_176' title='bbox 1085 3397 1150 3444; x_wconf 91' lang='lat' dir='ltr'><em>de</em></span> <span class='ocrx_word' id='word_1_177' title='bbox 1207 3398 1259 3444; x_wconf 82' lang='lat' dir='ltr'><em>la</em></span> <span class='ocrx_word' id='word_1_178' title='bbox 1319 3398 1631 3458; x_wconf 80' lang='lat' dir='ltr'><em>grammaire</em></span> <span class='ocrx_word' id='word_1_179' title='bbox 1680 3412 1745 3445; x_wconf 87' lang='lat' dir='ltr'><em>ne</em></span> <span class='ocrx_word' id='word_1_180' title='bbox 1804 3399 1852 3444; x_wconf 90' lang='lat' dir='ltr'><em>le</em></span> <span class='ocrx_word' id='word_1_181' title='bbox 1913 3398 2141 3458; x_wconf 72' lang='lat' dir='ltr'><em>posseda</em></span> <span class='ocrx_word' id='word_1_182' title='bbox 2195 3399 2242 3444; x_wconf 88' lang='lat' dir='ltr'><em>si</em></span> 
     </span>
    </p>
   </div>
   <div class='ocr_carea' id='block_1_10' title="bbox 213 3502 681 3564">
    <p class='ocr_par' dir='ltr' id='par_1_11' title="bbox 213 3502 681 3564">
     <span class='ocr_line' id='line_1_28' title="bbox 213 3502 681 3564; baseline -0.006 -13"><span class='ocrx_word' id='word_1_183' title='bbox 213 3503 566 3564; x_wconf 49' lang='lat' dir='ltr'><em>violemment-</em></span> <span class='ocrx_word' id='word_1_184' title='bbox 590 3502 681 3564; x_wconf 91' lang='lat'>(1).</span> 
     </span>
    </p>
   </div>
   <div class='ocr_carea' id='block_1_11' title="bbox 289 3745 1675 3811">
    <p class='ocr_par' dir='ltr' id='par_1_12' title="bbox 289 3745 1675 3811">
     <span class='ocr_line' id='line_1_29' title="bbox 289 3745 1675 3811; baseline -0.006 -12"><span class='ocrx_word' id='word_1_185' title='bbox 289 3757 347 3811; x_wconf 86' lang='lat'><em>(1)</em></span> <span class='ocrx_word' id='word_1_186' title='bbox 372 3756 466 3799; x_wconf 75' lang='lat' dir='ltr'><em>vido</em></span> <span class='ocrx_word' id='word_1_187' title='bbox 494 3756 547 3809; x_wconf 78' lang='grc' dir='ltr'><em>Β,</em></span> <span class='ocrx_word' id='word_1_188' title='bbox 577 3754 681 3799; x_wconf 79' lang='lat'><em>128</em></span> <span class='ocrx_word' id='word_1_189' title='bbox 707 3745 842 3806; x_wconf 75' lang='lat' dir='ltr'><em>adnot,</em></span> <span class='ocrx_word' id='word_1_190' title='bbox 865 3753 919 3802; x_wconf 76' lang='lat' dir='ltr'><em>G,</em></span> <span class='ocrx_word' id='word_1_191' title='bbox 945 3751 1048 3794; x_wconf 79' lang='lat'><em>103</em></span> <span class='ocrx_word' id='word_1_192' title='bbox 1062 3750 1179 3793; x_wconf 73' lang='lat' dir='ltr'><em>adnot</em></span> <span class='ocrx_word' id='word_1_193' title='bbox 1204 3757 1244 3791; x_wconf 75' lang='lat' dir='ltr'><em>et</em></span> <span class='ocrx_word' id='word_1_194' title='bbox 1268 3751 1325 3803; x_wconf 87' lang='lat'><em>1.,</em></span> <span class='ocrx_word' id='word_1_195' title='bbox 1353 3750 1387 3802; x_wconf 92' lang='lat'><em>1,</em></span> <span class='ocrx_word' id='word_1_196' title='bbox 1417 3750 1522 3793; x_wconf 82' lang='lat'><em>182</em></span> <span class='ocrx_word' id='word_1_197' title='bbox 1541 3750 1675 3791; x_wconf 82' lang='lat' dir='ltr'><em>adnot.</em></span> 
     </span>
    </p>
   </div>
  </div>
 </body>
</html>
