2762 4316
399 1438 442 1490 Ι.

372 1746 445 1799 11.

344 2057 443 2108 111.

342 2456 439 2510 IV.

344 3258 434 3312 VI.

939 827 1293 897 INDEX
1359 826 1758 896 RERUM

482 1438 718 1505 Quoties
767 1440 1157 1492 Sainte-Beuoe
1202 1440 1408 1491 librum
1453 1443 1548 1509 qui
1596 1443 1925 1494 inscribitur
1966 1443 2197 1498 Tableau

477 1526 734 1591 ediderit,
753 1533 809 1578 et
829 1527 1031 1595 quibus
1056 1528 1123 1579 de
1149 1530 1331 1579 causis
1355 1529 1493 1580 utile
1518 1531 1593 1581 sit
1616 1509 1803 1582 {arias
1828 1531 1994 1599 hujus
2017 1533 2200 1600 operis

476 1615 743 1667 lectiones
766 1631 1051 1668 recensere
1097 1659 1106 1668 .
1203 1658 2188 1674 ...........

484 1747 705 1814 Quibus
722 1748 1087 1815 temporibus,
1109 1756 1163 1799 et
1188 1749 1392 1815 quibus
1408 1751 1476 1801 de
1493 1757 1610 1801 arte
1633 1751 1911 1802 scribendi
1937 1752 2202 1804 doctrinis

475 1836 742 1896 imbutuS,
803 1839 1191 1890 Sainte-Beuve
1243 1838 1384 1887 sexti
1429 1838 1628 1889 decimi
1693 1838 1862 1890 seculi
1933 1841 2203 1907 poeticam

473 1925 774 1994 explanare
806 1926 1113 1993 susceperit
1125 1966 2186 1982 ............

482 2057 774 2124 Quomodo
795 2060 1201 2117 Sainte-Beuve‚
1220 2058 1429 2125 primas
1447 2065 1501 2108 et
1518 2066 1792 2109 extremas
1810 2067 1996 2126 partes
2014 2062 2202 2128 operis

475 2163 831 2215 componens,
847 2147 1070 2198 diverse
1094 2147 1377 2197 delitteris
1398 2154 1562 2214 atque
1584 2155 1701 2198 arte
1718 2148 2000 2199 scribendi
2026 2165 2203 2202 sense-

476 2235 552 2286 rit
577 2254 589 2300 ;
637 2242 692 2287 et
738 2253 858 2304 quae
907 2235 1119 2286 indicia
1155 2252 1279 2285 cum
1303 2236 1510 2302 prioris
1537 2242 1651 2286 tum
1681 2236 1911 2288 alterius
1937 2236 2201 2289 doctrinae

476 2324 712 2392 singulis
752 2325 813 2375 in
840 2324 1115 2391 capitibus
1145 2323 1340 2374 relicta
1366 2323 1474 2374 sint
1486 2364 2187 2379 ........

479 2456 775 2524 Quomodo
811 2472 952 2524 opus
989 2472 1168 2515 suurn,
1219 2455 1279 2505 in
1326 2455 1462 2507 libri
1507 2456 1738 2507 formam
1788 2473 1912 2507 cum
1958 2458 2202 2525 primum

474 2546 797 2598 redacturus
822 2552 983 2603 esset,
1013 2545 1091 2595 ita
1115 2543 1501 2595 emendaverit
1536 2547 1925 2598 Sainte-Beuve
1959 2553 2019 2596 ut
2055 2546 2199 2597 illud
2290 2533 2294 2538 ’

476 2651 685 2687 meram
705 2636 1090 2701 integramque
1130 2633 1565 2684 romanticorum
1593 2633 1902 2684 doctrinam
1927 2635 2200 2702 exprime·
2239 2658 2242 2662 ·

474 2731 559 2777 ret
608 2730 1073 2793 promoveretque
1089 2762 2186 2775 ............

425 2897 435 2909 .
475 2856 789 2924 Quomod0‚
803 2857 1111 2908 romantico
1127 2855 1344 2906 fervore
1356 2853 1567 2911 sedato,
1588 2855 1975 2908 Sainte-Beuoe
1992 2854 2200 2907 librum

476 2963 638 2998 suum
657 2947 734 2998 ita
767 2945 1183 2998 rectractaverit
1212 2949 1275 2994 ut
1308 2942 1562 3010 quaedam
1596 2942 2032 2994 romanticorum
2063 2959 2199 3011 prae-

476 3043 650 3104 cepta,
671 3052 838 3104 opere
860 3050 1054 3086 rursus
1072 3033 1238 3096 edito,
1255 3032 1646 3091 retinerentur,
1664 3030 1915 3098 quaedam
1939 3039 2123 3083 autem
2144 3040 2199 3085 et

476 3125 703 3194 quidem
723 3124 887 3193 plura
910 3125 1372 3191 impugnarentur
1385 3161 2190 3174 .........

477 3258 776 3311 Conclusio
791 3291 2188 3310 ...............

343 3390 466 3444 vn.
481 3390 801 3460 Apparatus
821 3388 1047 3441 criticus
1092 3421 2188 3440 ............

2304 1931 2363 1981 15

2301 2327 2360 2379 31

2301 3136 2359 3190 71

2299 3255 2365 3322 89

2297 3402 2358 3455 91
