2762 4316
1162 319 1501 383 —83-7

369 473 430 527 Je
461 472 624 519 laisse
680 472 937 519 subsister
958 471 1026 517 ici
1049 484 1106 517 ce
1140 473 1404 532 jugement
1450 486 1520 518 un
1535 486 1636 533 peu
1669 478 1780 532 trop
1804 472 1993 528 se'vere,
2026 485 2126 532 que
2148 473 2201 532 je
2225 486 2308 518 me

287 576 399 623 suis
416 575 658 636 applique
682 576 715 621 a
739 574 974 630 modifier·
992 575 1192 622 ensuite
1217 581 1268 621 et
1288 578 1321 622 a
1344 576 1396 622 la
1422 575 1523 622 fois
1549 578 1581 622 a
1599 576 1818 622 motiver
1840 576 1974 622 dans
2012 589 2083 621 un
2131 574 2310 621 article

283 678 504 727 detache
529 692 618 725 sur
641 677 859 725 Bertaut
879 677 967 736 (1).

359 910 580 967 Eodem
643 910 835 966 animo
879 909 1234 983 similemque
1282 910 1352 966 ob
1418 929 1648 967 causam
1688 913 1809 967 sine
1852 911 2047 981 dubio,
2078 930 2210 967 cum
2235 912 2304 968 ab

288 1043 507 1101 ultimis
584 1043 834 1100 classicis
904 1043 1068 1099 valde
1130 1042 1393 1099 laudatus
1458 1045 1548 1108 sit,
1630 1044 2004 1100 recentiorem
2076 1046 2312 1101 Gresset

287 1176 706 1234 detrectaverat
741 1194 754 1245 ;
793 1174 916 1248 jam
975 1175 1190 1249 pariter
1237 1175 1444 1233 fatetur
1481 1176 1922 1233 rescindendum
1964 1174 2249 1250 judicium
2301 1200 2313 1232 :

376 1447 436 1495 Je
474 1461 558 1494 me
580 1453 779 1503 trouve,
799 1460 862 1493 en
888 1459 970 1492 me
994 1445 1226 1502 relisant,
1246 1446 1394 1491 sinon
1436 1452 1548 1505 trop
1568 1446 1772 1491 flatteur
1792 1460 1924 1505 pour
1947 1445 2178 1503 Durand,
2206 1450 2318 1506 trop

289 1550 391 1597 dur
407 1564 476 1597 aa
501 1551 667 1596 moins
682 1563 822 1610 pour·
836 1549 1061 1605 Gresset,
1089 1549 1214 1595 dont
1238 1549 1285 1595 le
1302 1549 1571 1594 char-mant
1591 1554 1870 1608 perroquet
1885 1548 2046 1608 garde
2074 1548 2194 1595 bien
2233 1562 2320 1594 ses

287 1660 580 1715 avantages
603 1654 692 1713 (2).

365 1911 411 1968 E
461 1911 746 1967 contrario
797 1914 986 1967 autem
1049 1915 1244 1986 poetas
1304 1910 1647 1982 d'Aubiyne'
1713 1914 1767 1966 et
1833 1911 2068 1966 Jodelle
2126 1911 2318 1967 nimiis

293 2043 562 2101 laudibus
636 2043 703 2099 ad
791 2042 1000 2099 coelum
1086 2043 1383 2111 extulerat,
1464 2043 1615 2116 quod
1697 2042 1838 2099 alter
1907 2042 2178 2116 magistro
2265 2046 2322 2097 et

293 2174 478 2232 amico
542 2178 749 2233 Victor
770 2178 951 2246 Huyo
1005 2175 1374 2250 probabatur,
1434 2175 1574 2231 alter
1621 2175 2323 2249 tragoediascomposue—

291 2310 382 2363 rat
428 2325 556 2382 quae
602 2307 662 2362 in
709 2307 902 2363 locum
954 2307 1275 2364 fabularum
1328 2310 1624 2379 Mysteres
1682 2306 1962 2362 dictarum
2012 2305 2320 2362 successis-

301 2444 447 2510 sent,
500 2439 650 2497 sicut
695 2443 875 2512 Huyo
937 2440 1193 2497 dramata
1241 2440 1526 2496 scribebat
1572 2459 1698 2514 quae
1744 2439 1804 2494 in
1859 2439 2051 2495 locum
2107 2443 2315 2512 tragoe-

296 2573 523 2630 diarum
598 2571 970 2629 succederent
1047 2587 1059 2637 ;
1155 2590 1328 2639 nunc,
1410 2572 1678 2645 quoniam
1752 2571 1919 2627 amici
2007 2570 2317 2626 auctoritas

299 2705 534 2763 omnino
613 2722 894 2761 concussa
965 2708 1051 2760 est
1120 2708 1174 2760 et
1241 2704 1438 2760 drama
1515 2703 1898 2759 romanticum
1973 2673 2044 2757 ad
2113 2718 2317 2776 parum

298 2836 524 2896 felicem
588 2837 802 2894 exitum
858 2836 1170 2893 adductum
1254 2840 1359 2906 est,
1433 2836 1499 2891 de
1581 2834 1923 2906 d'Aubiyne
1977 2838 2031 2890 et
2084 2835 2318 2890 Jodelle

303 2969 646 3026 sententiam
705 2971 906 3025 mutat.
966 2968 1051 3023 Ita
1098 2967 1249 3023 enim
1305 2967 1541 3023 scribit:

385 3266 533 3316 Cette
555 3266 639 3315 vie
670 3272 722 3316 et
746 3281 804 3316 ce
828 3267 1092 3315 caractere
1145 3263 1211 3312 de
1257 3262 1542 3322 d’Aubigne
1586 3268 1704 3309 sont
1727 3262 1992 3323 presentes
2030 3266 2095 3311 ici
2126 3279 2197 3312 an
2211 3277 2319 3325 peu

303 3377 416 3434 trop
439 3386 505 3419 en
535 3370 674 3419 beau.
699 3371 758 3418 Je
779 3371 886 3418 n’ai
907 3384 1006 3432 pas
1042 3382 1192 3417 assez
1226 3374 1349 3415 tenu
1390 3371 1592 3426 compte
1635 3365 1700 3412 de
1735 3366 1787 3412 la
1810 3368 2079 3414 mauvaise
2103 3367 2319 3414 humeur

409 3720 464 3773 (1)
494 3718 590 3760 Vide
610 3721 666 3767 G,
693 3718 792 3761 111
811 3718 928 3759 adnot
952 3723 998 3758 et-
1014 3716 1118 3765 L,1‚
1143 3715 1244 3758 195
1270 3715 1401 3757 adnot.

409 3812 464 3867 (2)
487 3814 583 3857 Vide
601 3814 656 3865 Ο,
681 3813 786 3856 128
807 3812 927 3854 adnot
950 3817 988 3853 et
1006 3812 1063 3863 Β,
1092 3812 1126 3860 1.
1149 3809 1252 3853 223
1277 3810 1410 3851 adnot.
