2808 4412
1421 395 1486 404 ...
1520 367 1587 421 38
1621 394 1687 405 ..-

537 527 640 571 lieu
683 526 1045 579 d’ornements,
1092 522 1154 567 de
1193 521 1405 567 nombre
1451 525 1503 566 et
1556 520 1619 567 de
1657 521 1852 570 ce'sare.
1917 523 2182 584 Quelques
2245 532 2423 574 contcs
2469 529 2573 588 gri-

534 630 668 684 17015,
715 628 966 688 quelques
1009 638 1204 685 propos
1265 624 1402 670 naifs
1472 624 1707 671 d'amour
1775 631 1828 672 et
1889 626 1955 674 de
2023 627 2166 674 table
2223 629 2572 690 n’exigeaient

532 734 690 792 guere
735 732 829 777 des
875 743 1173 776 ressources
1223 729 1342 788 plus
1393 729 1621 788 grandes
1677 737 1744 786 et,
1793 731 1927 776 dans
1970 731 2250 792 l’agreable
2293 735 2574 782 entrelace-

534 842 675 880 ment
716 834 837 879 d'un
884 833 1076 888 triolet,
1123 832 1257 877 dans
1300 832 1353 878 la
1396 832 1711 893 chute22bien
1754 835 1968 880 amenee
2005 834 2126 881 d'un
2161 820 2411 895 rondeaa,
2437 838 2573 886 dans

532 938 580 984 le
627 938 819 983 refrain
861 937 1065 982 naturel
1117 940 1168 982 et
1197 935 1352 982 facile
1394 936 1544 982 d'une
1581 936 1800 994 ballade,
1858 938 1895 983 il
1954 953 1988 998 y
2034 940 2179 985 avait
2230 954 2381 988 assez
2441 956 2574 1002 pour

531 1041 840 1101 surprendre
885 1047 935 1086 et
978 1040 1233 1086 charmer.
1288 1039 1419 1086 Vers
1461 1040 1510 1086 le
1546 1040 1724 1087 milieu
1768 1041 1840 1087 du
1891 1047 1981 1087 xv⁶
2033 1043 2205 1100 siecle,
2254 1057 2341 1090 ces
2401 1046 2572 1092 essais

531 1145 795 1192 modestes
842 1144 1052 1191 avaient
1106 1143 1177 1189 du
1224 1143 1476 1204 quelques
1522 1144 1710 1204 grdces
1777 1145 2035 1193 nouvelles
2087 1148 2120 1192 a
2168 1147 2384 1196 Charles
2432 1149 2576 1198 d'Or-

531 1249 678 1294 leans
725 1254 776 1293 et
823 1249 856 1293 a
894 1246 1085 1293 Villon.
1147 1246 1247 1293 Les
1291 1246 1562 1306 premiers‚
1608 1246 1674 1292 ils
1717 1253 1808 1293 ont
1845 1247 2130 1295 debroaille
2189 1264 2259 1296 un
2305 1265 2464 1312 genre
2505 1253 2573 1300 de

531 1352 710 1412 poesie
750 1351 839 1411 qui
885 1365 918 1396 a
965 1355 1167 1397 sut-tout
1219 1349 1392 1396 reussi
1444 1350 1578 1396 dans
1631 1350 1764 1411 l'Age
1818 1351 2042 1409 suivant,
2103 1359 2156 1398 et
2205 1353 2333 1400 dont
2374 1354 2575 1416 l’esprit

532 1468 589 1500 se
631 1459 998 1499 transmettant
1043 1456 1210 1499 meme
1257 1455 1412 1513 apres
1456 1467 1558 1514 que
1604 1453 1656 1499 la
1701 1454 1891 1514 langue
1950 1459 2038 1501 ent
2073 1457 2266 1515 permis
2315 1471 2384 1504 au
2423 1457 2573 1518 genie

527 1566 640 1605 tout
683 1573 778 1604 son
823 1572 985 1615 essor,
1036 1573 1069 1605 a
1117 1558 1356 1604 continue
1391 1571 1515 1604 sous
1562 1558 1657 1604 des
1705 1557 1910 1617 plumes
1963 1558 2164 1619 legeres
2213 1567 2266 1608 et
2300 1561 2572 1609 brillantes

533 1663 599 1710 de
645 1663 776 1709 faire
822 1664 871 1710 le
904 1662 1115 1710 charme
1146 1669 1197 1709 et
1247 1663 1301 1709 la
1343 1662 1503 1724 gloire
1546 1662 1613 1709 de
1659 1662 1712 1708 la
1761 1662 2035 1710 France...
2057 1664 2128 1723 (1)

541 1996 550 2003 ,
611 1959 636 1994 «
694 1941 915 1996 Tenait
963 1941 1092 1995 lieu
1134 1937 1570 2009 d’ornementS,
1610 1939 1686 1994 de
1729 1941 1989 1995 nombre
2027 1944 2086 1996 et
2133 1941 2208 1996 de
2254 1939 2470 1998 cesare
2522 1963 2574 2012 »‚

539 2091 561 2127 ‹<
615 2075 698 2129 les
760 2075 978 2143 yrdces
1054 2074 1367 2129 nouvelles
1424 2091 1474 2142 »,
1539 2090 1564 2127 a(
1641 2071 1992 2128 debrouille’
2060 2090 2151 2129 un
2211 2089 2407 2144 yenre
2478 2092 2502 2128 »
2560 2094 2576 2130 .·

533 2206 798 2280 agnoscis
837 2205 1093 2280 profecto
1163 2206 1341 2262 verba
1420 2206 1569 2280 ipsa'
1612 2205 1822 2280 quibus
1894 2224 2035 2263 usus
2114 2209 2237 2262 erat
2316 2207 2575 2265 Boileau

531 2339 791 2396 dociliter
839 2338 1028 2395 denuo
1092 2339 1370 2410 adhibita,
1407 2339 1558 2395 sicut
1603 2357 1627 2395 «
1681 2342 1922 2396 triolets
1986 2358 2038 2410 >›,
2086 2361 2113 2392 ε(
2162 2341 2497 2398 rondeauoe
2546 2359 2570 2396 »

534 2479 590 2532 et
641 2493 665 2530 «
698 2475 972 2531 ballades
1001 2492 1051 2545 »,
1080 2476 1412 2548 poematum
1458 2491 1670 2547 genera
1719 2473 1926 2529 iisdem
1994 2473 2329 2530 nominibus
2363 2473 2575 2548 quibus

536 2611 969 2665 enumeraverat
1014 2607 1131 2678 ille,
1188 2625 1392 2663 rursus
1449 2610 1803 2665 enumerata.
1855 2607 1978 2663 Nec
2017 2606 2319 2682 opiniones
2383 2608 2576 2665 minus

533 2741 773 2798 fideliter
826 2741 1163 2798 redduntur.
1218 2741 1403 2815 Igitur
1462 2740 1606 2796 nihil
1655 2743 1740 2796 est
1805 2739 1865 2796 in
1934 2740 2047 2798 hoc
2100 2741 2380 2816 prooemio
2424 2741 2578 2816 quod

536 2895 651 2931 non
707 2875 957 2931 declaret
1011 2875 1277 2930 criticum
1307 2876 1461 2931 Arte
1493 2878 1742 2944 poetica
1781 2874 2069 2931 imbutum
2112 2893 2240 2932 esse
2307 2878 2363 2931 et
2394 2875 2578 2932 omni-

536 3010 645 3065 hus
709 3010 767 3076 in
832 3009 1004 3066 rebus
1070 3025 1356 3065 summam
1413 3007 1585 3064 fidem
1647 3008 1842 3083 legum
1895 3008 2270 3065 classicarum
2312 3007 2579 3084 scriptori

538 3142 810 3199 tribuere.

616 3277 869 3344 Frustra,
923 3275 1014 3332 die
1084 3277 1326 3350 septimo
1410 3275 1633 3332 decimo
1705 3275 1919 3349 mensis
1998 3275 2287 3345 OctobriS,
2336 3277 2576 3334 Sainte-
2638 3348 2641 3349 7

538 3411 739 3467 Beuve
797 3414 1029 3467 coactus
1087 3413 1172 3466 est
1218 3410 1382 3466 fateri
1419 3409 1759 3483 magistrum
1785 3427 1958 3464 suum
2007 3408 2369 3483 aliquantum
2421 3428 2579 3466 erra-

541 3542 710 3613 visse,
770 3561 873 3599 nec
926 3562 1134 3618 negare
1181 3545 1369 3618 potuit
1416 3543 1584 3599 illum
1624 3545 1955 3617 poematum
2010 3543 2396 3618 quorumdam
2426 3543 2577 3620 (bal-

637 3807 691 3858 (ί)
719 3808 811 3848 Vide
837 3809 893 3849 G.
934 3830 979 3839 -
1030 3809 1103 3849 Hic
1143 3810 1254 3850 locus
1302 3809 1467 3850 omnino
1510 3815 1684 3850 mutatus
1713 3814 1774 3849 est
1818 3809 1859 3850 in
1893 3808 1994 3861 ΒΛ.
2021 3819 2109 3861 sqq,
2137 3809 2189 3861 Ο,
2233 3808 2266 3850 5
2318 3821 2393 3864 sqq
2433 3817 2472 3852 et
2515 3812 2580 3860 1...

528 3880 560 3928 1,
590 3881 622 3921 9
655 3893 742 3933 sqq.
