2808 4412
1051 308 1312 362 ..33-

173 459 339 515 ritate
389 459 729 533 conjunctos
778 477 899 515 esse
961 463 1187 533 poetam
1256 464 1310 516 et
1377 461 1658 532 criticum,
1726 480 1858 518 cum
1917 463 2077 531 alter,
2134 463 2194 519 in

171 609 281 647 usu
348 590 659 646 domestico
700 590 944 646 blandus
1016 611 1082 647 ac
1155 591 1507 662 lenocinanS‚
1562 595 1894 650 auctoritate
1947 596 2191 668 quadam

173 723 433 798 magistri
475 724 626 798 apud
699 724 914 780 amicos
977 724 1209 796 valeret,
1267 726 1447 796 alteri,
1499 728 1650 800 quod
1719 727 2013 784 muliebris
2075 732 2196 784 erat

172 855 388 931 ingenii
435 856 724 929 animique
770 856 1166 926 inconstantiS‚
1232 876 1451 932 semper
1500 864 1564 915 ut
1608 861 1688 915 ita
1728 860 1915 917 dicam
1963 860 2194 918 domino

175 1008 241 1045 ac
288 1007 420 1063 rege
467 1007 612 1064 opus
665 992 813 1044 esset
872 991 973 1062 (1).
1044 990 1184 1057 Quae
1233 993 1597 1062 auctorita&
1656 998 1719 1048 ut
1778 1012 1879 1067 par
1926 997 2066 1065 erat,
2125 995 2195 1050 ad

179 1119 400 1177 litteras
493 1121 744 1196 primum
831 1121 1026 1195 potius
1095 1141 1265 1196 quam
1356 1124 1425 1178 ad
1498 1124 1785 1180 doctrinas
1871 1126 1940 1181 de
2027 1127 2197 1182 rebus

179 1252 391 1310 divinis
436 1257 534 1309 aut
583 1252 827 1328 publicis
890 1253 1088 1310 valuit.
1155 1255 1343 1310 Primo
1393 1257 1546 1311 enim
1616 1258 1674 1311 in
1729 1257 2032 1331 colloqui0,
2096 1276 2196 1314 seu

179 1385 325 1443 forte
374 1404 473 1442 seu
522 1390 704 1460 poetae
761 1386 1075 1456 voluntate,
1135 1405 1319 1442 sermo
1370 1388 1438 1443 de
1487 1393 1603 1443 arte
1651 1389 1871 1462 poetica
1903 1355 2197 1463 formaque

177 1518 466 1575 scribendi
522 1519 817 1576 institutus
874 1524 979 1590 est,
1036 1538 1139 1593 per
1201 1538 1370 1593 quem
1438 1524 1499 1576 V.
1550 1525 1728 1592 Huyo
1776 1522 2005 1596 propria
2053 1541 2199 1597 prae-

182 1654 346 1727 cepta
371 1652 652 1727 exposuit,
690 1652 759 1708 de
789 1652 978 1707 verbis
1027 1652 1364 1708 adhibendis
1398 1657 1452 1708 et
1490 1653 1749 1709 versibus
1791 1654 2198 1728 componendis

179 1788 238 1842 et
307 1784 561 1841 numeris
632 1784 1021 1841 contexendis,
1073 1786 1518 1842 Sainte-Beuve
1579 1790 1788 1857 autem,
1845 1787 2199 1860 poematibus

179 1918 323 1975 sexti
358 1917 565 1975 decimi
614 1916 792 1974 seculi
836 1921 891 1975 et
916 1921 1035 1974 arte
1061 1917 1234 1992 hujus
1260 1919 1531 1992 temporis
1556 1922 1855 1992 poetarum
1885 1919 2050 1975 valde
2075 1937 2203 1975 eru-

175 2050 339 2108 ditus
408 2068 511 2126 per
571 2050 822 2107 recentia
893 2050 1102 2120 studia,
1145 2051 1309 2106 facile
1358 2051 1756 2106 animadvertit
1813 2070 1984 2125 quam
2059 2052 2202 2108 mire

183 2187 567 2258 congruerent
638 2201 769 2239 cum
835 2182 1004 2238 novis
1086 2182 1357 2237 doctrinis
1418 2182 1692 2238 doctrinae
1746 2185 2097 2252 Pleiadum,
2147 2187 2202 2240 et

179 2314 239 2371 in
287 2315 558 2390 operibus
609 2316 750 2372 sexti
795 2315 1000 2371 decimi
1040 2283 1216 2371 seculi
1271 2314 1487 2371 invenit
1527 2315 1647 2389 ipse
1687 2319 2042 2389 argumenta,
2076 2315 2201 2390 qui-

186 2448 297 2505 bus
353 2451 453 2506 aut
504 2448 674 2523 plane
722 2447 1157 2504 confirmaretur
1198 2451 1297 2502 aut
1326 2446 1524 2503 saltem
1564 2446 1931 2520 adjuvaretur
1975 2465 2203 2503 roman-

186 2579 436 2638 ticorum
519 2600 681 2638 usus,
773 2579 971 2636 Altero
1050 2597 1311 2637 sermone
1390 2596 1698 2652 persuasus
1779 2583 1864 2634 est
1941 2579 2195 2635 omnino,

186 2713 390 2788 Itaque
466 2717 607 2770 tunc
680 2732 855 2769 ausus
932 2716 1017 2768 est
1072 2712 1244 2786 (quod
1303 2715 1467 2767 antea
1520 2711 1755 2782 nemini)
1804 2730 2004 2766 versus
2067 2730 2200 2767 suos

194 2844 381 2902 amico
452 2863 603 2902 novo
662 2844 1072 2901 existimandos
1124 2844 1340 2899 deferre
1389 2843 1488 2915 (2).
1551 2842 1772 2908 Quibus
1845 2843 2201 2916 poematibus

193 2977 384 3034 statim
441 2978 723 3052 perlectiS,
811 2980 1012 3050 Hu90‚
1069 2977 1190 3031 sine
1255 2975 1372 3031 ulla
1452 2993 1631 3045 mora,
1702 2976 1848 3030 hanc
1902 2974 2202 3048 epistulam

197 3111 366 3167 anxio
410 3110 610 3185 juveni
656 3110 815 3166 misit
862 3129 872 3165 :
946 3129 969 3164 α
1018 3111 1096 3165 Ce
1147 3109 1382 3165 samedi
1443 3107 1826 3181 [mi—fe’vrier
1883 3106 2072 3180 1827}
2129 3141 2203 3148 —

206 3247 400 3301 Venez
446 3245 590 3314 vite,
639 3245 980 3312 Monsz’eur,
1037 3257 1151 3312 que
1197 3245 1254 3309 je
1298 3256 1444 3295 vous
1496 3242 1799 3295 remercie
1852 3240 1953 3295 des
2003 3240 2206 3295 beaua-

191 3391 333 3433 vers
365 3376 515 3433 dont
570 3392 718 3433 vous
763 3392 862 3431 me
911 3377 1096 3445 faites
1175 3375 1230 3428 le
1307 3372 1631 3440 confident.
1704 3375 1775 3427 Je
1851 3388 2014 3427 veum
2060 3387 2206 3427 vous

288 3706 345 3758 (1)
367 3705 463 3747 vido
487 3705 595 3757 Lmz,
621 3704 693 3756 Op.
719 3703 842 3751 laud..
866 3716 906 3756 p.
933 3703 1050 3745 321.

289 3800 348 3854 (2)
359 3801 453 3843 Vide
475 3801 632 3853 Lundis,
660 3801 730 3853 xl,
755 3799 859 3843 592
882 3805 920 3841 et
942 3799 1122 3840 Porti-aiu
1143 3798 1451 3849 contemperatus,
1473 3797 1506 3846 1,
1529 3795 1645 3837 489.
